@article{Gridling,
    title = {{" I need help! " Exploring Collaboration in the Car}},
    author = {Gridling, Nicole and Meschtscherjakov, Alexander and Tscheligi, Manfred},
    keywords = {HCI), Miscellaneous, Qualitative methods, User Experience, interaction design}
}

@article{Wang,
    title = {{" Liking " other Drivers' Behavior while Driving}},
    author = {Wang, Chao},
    doi = {10.1145/2667239.2667424},
    keywords = {Author Keywords Natural user interface, C2C communication, Gestural interaction, Social computing, User Interfaces -interaction styles}
}

@article{Coppola2016,
    title = {{46 Connected Car: Technologies, Issues, Future Trends}},
    year = {2016},
    journal = {ACM Comput. Surv. Article},
    author = {Coppola, Riccardo and Morisio, Maurizio and Di Torino, Politecnico},
    number = {46},
    volume = {49},
    url = {http://dx.doi.org/10.1145/2971482},
    doi = {10.1145/2971482},
    keywords = {CCS Concepts, Intelligent vehicular networks, autonomous vehicles, car-mobile integra-tion, on-car infotainment, r Security and privacy, r Software and its engineering}
}

@article{Michon1985,
    title = {{A critical view of driver behavior models: what do we know, what should we do?}},
    year = {1985},
    journal = {Human behavior and traffic safety},
    author = {Michon, Ja},
    pages = {485--520},
    url = {http://link.springer.com/chapter/10.1007/978-1-4613-2173-6_19},
    isbn = {978-1-4612-9280-7},
    doi = {10.1007/978-1-4613-2173-6}
}

@article{Laquai2011,
    title = {{A large-scale LED array to support anticipatory driving}},
    year = {2011},
    journal = {Conference Proceedings - IEEE International Conference on Systems, Man and Cybernetics},
    author = {Laquai, Florian and Chowanetz, Fabian and Rigoll, Gerhard},
    pages = {2087--2092},
    isbn = {9781457706523},
    doi = {10.1109/ICSMC.2011.6083980},
    issn = {1062922X},
    keywords = {LED, anticipatory driving, automotive, color calibration, driver assistance, speed reduction}
}

@article{Large2018,
    title = {{A Longitudinal Simulator Study to Explore Drivers’ Behaviour During Highly-Automated Driving}},
    year = {2018},
    author = {Large, David R and Burnett, Gary and Morris, Andrew and Muthumani, Arun and Matthias, Rebecca},
    volume = {597},
    url = {http://link.springer.com/10.1007/978-3-319-60441-1},
    isbn = {978-3-319-60440-4},
    doi = {10.1007/978-3-319-60441-1},
    issn = {21945357},
    keywords = {awareness, driving simulator, highly-automated driving, secondary tasks, situation, transfer of control, trust}
}

@article{Habenicht2011,
    title = {{A maneuver-based lane change assistance system}},
    year = {2011},
    journal = {IEEE Intelligent Vehicles Symposium, Proceedings},
    author = {Habenicht, Stefan and Winner, Hermann and Bone, Sven and Sasse, Fabian and Korzenietz, Peter},
    number = {Iv},
    pages = {375--380},
    isbn = {9781457708909},
    doi = {10.1109/IVS.2011.5940417},
    issn = {1931-0587}
}

@article{Lee2016,
    title = {{A Question of Trust: An Ethnographic Study of Automated Cars on Real Roads}},
    year = {2016},
    journal = {Proceedings of the 8th International Conference on Automotive User Interfaces and Interactive Vehicular Applications - Automotive'UI 16},
    author = {Lee, Jiin and Kim, Naeun and Imm, Chaerin and Kim, Beomjun and Yi, Kyongsu and Kim, Jinwoo},
    pages = {201--208},
    url = {http://dl.acm.org/citation.cfm?doid=3003715.3005405},
    isbn = {9781450345330},
    doi = {10.1145/3003715.3005405}
}

@article{Schoettle2014a,
    title = {{A survey of public opinion about connected vehicles in the U.S., the U.K., and Australia}},
    year = {2014},
    journal = {2014 International Conference on Connected Vehicles and Expo, ICCVE 2014 - Proceedings},
    author = {Schoettle, Brandon and Sivak, Michael},
    number = {July},
    pages = {687--692},
    isbn = {9781479967292},
    doi = {10.1109/ICCVE.2014.7297637},
    keywords = {Australia, Connected vehicles, Public opinion, Survey, U.K., U.S., V2I, V2V, V2X}
}

@article{Pousman2006,
    title = {{A taxonomy of ambient information systems}},
    year = {2006},
    journal = {Proceedings of the working conference on Advanced visual interfaces  - AVI '06},
    author = {Pousman, Zachary and Stasko, John},
    pages = {67},
    url = {http://portal.acm.org/citation.cfm?doid=1133265.1133277},
    isbn = {1595933530},
    doi = {10.1145/1133265.1133277},
    keywords = {ambient display, design guidelines, notification system, peripheral display, taxonomy, ubiquitous computing}
}

@article{Matthews2004,
    title = {{A toolkit for managing user attention in peripheral displays}},
    year = {2004},
    journal = {Proceedings of the 17th annual ACM symposium on User interface software and technology  - UIST '04},
    author = {Matthews, Tara and Dey, Anind K. and Mankoff, Jennifer and Carter, Scott and Rattenbury, Tye},
    number = {2},
    pages = {247},
    volume = {6},
    url = {http://portal.acm.org/citation.cfm?doid=1029632.1029676},
    isbn = {1581139578},
    doi = {10.1145/1029632.1029676}
}

@article{Meschtscherjakovc,
    title = {{Acceptance of Future Persuasive In-Car Interfaces Towards a More Economic Driving Behaviour}},
    author = {Meschtscherjakov, Alexander and Wilfinger, David and Scherndl, Thomas and Tscheligi, Manfred},
    keywords = {Human Factors Keywords In-car interfaces, economy, persuasion, technology acceptance}
}

@article{Giampapa2017,
    title = {{Accessible Transportation Technologies Research Initiative (ATTRI): State of the Practice Scan}},
    year = {2017},
    author = {Giampapa, Joseph Andrew and Steinfeld, Aaron and Teves, Ermine and Dias, M Bernardine and Rubinstein, Zachary}
}

@article{Meschtscherjakov,
    title = {{Adaptive Digital Sunshade: Blocking the Sun From Blinding the Driver}},
    author = {Meschtscherjakov, Alexander and Kratzer, Nino Marcel and Scharfetter, Hubert and Stadon, Julian and Kernjak, Stefan Paul},
    url = {http://dx.doi.org/10.1145/2809730.2809748},
    doi = {10.1145/2809730.2809748},
    keywords = {Automotive, driver interface, sunshade}
}

@article{Langlois2013,
    title = {{ADAS HMI using peripheral vision}},
    year = {2013},
    journal = {Proceedings of the 5th International Conference on Automotive User Interfaces and Interactive Vehicular Applications - AutomotiveUI '13},
    author = {Langlois, Sabine and {Sabine}},
    pages = {74--81},
    isbn = {9781450324786},
    doi = {10.1145/2516540.2516558},
    keywords = {ADAS, HMI, driving simulator, peripheral vision, user experience}
}

@article{Jeon,
    title = {{Advanced Vehicle Sonification Applications}},
    author = {Jeon, Myounghoon},
    url = {http://dx.doi.org/10.1145/2667239.2667284},
    doi = {10.1145/2667239.2667284},
    keywords = {Author Keywords Auditory display, HCI)], User Interfaces – interaction styles, connected autonomous vehicles, driver affective state, emotion, fuel efficiency, sonification}
}

@article{Pomerleau1989,
    title = {{Alvinn: An autonomous land vehicle in a neural network}},
    year = {1989},
    journal = {Advances in Neural Information Processing Systems 1},
    author = {Pomerleau, Dean a},
    pages = {305--313},
    isbn = {1-558-60015-9}
}

@article{Hipp2016,
    title = {{Ambient park assist: Supporting reverse parking maneuvers with ambient light}},
    year = {2016},
    author = {Hipp, M and Heuten, W and L{\"{o}}cken, A and Boll, S},
    pages = {45--50},
    url = {https://www.scopus.com/inward/record.uri?eid=2-s2.0-85012012649&doi=10.1145%2F3004323.3004327&partnerID=40&md5=a74e9c16ff02f35d25f0aaa17ffa57be},
    isbn = {9781450346542 (ISBN)},
    doi = {10.1145/3004323.3004327},
    keywords = {Accident statistic, Accidents, Automobile drivers, Controlled environment, Distance control, Driver assistance, Evaluation, In-vehicle light display, Light display, Mental workload, Peripheral vision, Reverse parking, Software design, User centered design, User interfaces, User-centered design}
}

@article{Locken2015,
    title = {{An experiment on ambient light patterns to support lane change decisions}},
    year = {2015},
    journal = {IEEE Intelligent Vehicles Symposium, Proceedings},
    author = {Locken, Andreas and Muller, Heiko and Heuten, Wilko and Boll, Susanne},
    number = {Iv},
    pages = {505--510},
    volume = {2015-Augus},
    isbn = {9781467372664},
    doi = {10.1109/IVS.2015.7225735}
}

@misc{Google2014,
    title = {{Android Design Principles | Android Developers}},
    year = {2014},
    author = {{Google}},
    url = {http://developer.android.com/design/get-started/principles.html}
}

@article{Schroeter,
    title = {{AR and Gamification Concepts to Reduce Driver Boredom and Risk Taking Behaviours}},
    author = {Schroeter, Ronald and Oxtoby, Jim and Johnson, Daniel},
    doi = {10.1145/2667317.2667415},
    keywords = {Author Keywords automotive, Communications Applications, H52 Information Interfaces and Presentation (eg, HCI), User Interfaces, boredom, gamification, road safety, sensation seeking}
}

@article{Wilfinger2011,
    title = {{Are we there yet? a probing study to inform design for the rear seat of family cars}},
    year = {2011},
    journal = {Lecture Notes in Computer Science (including subseries Lecture Notes in Artificial Intelligence and Lecture Notes in Bioinformatics)},
    author = {Wilfinger, David and Meschtscherjakov, Alexander and Murer, Martin and Osswald, Sebastian and Tscheligi, Manfred},
    number = {PART 2},
    pages = {657--674},
    volume = {6947 LNCS},
    isbn = {9783642237706},
    doi = {10.1007/978-3-642-23771-3{\_}48},
    issn = {03029743},
    keywords = {car, cultural probing, design, design space, rear seat}
}

@inproceedings{Schmidt2010a,
    title = {{Automotive user interfaces}},
    year = {2010},
    booktitle = {Proceedings of the 28th of the international conference extended abstracts on Human factors in computing systems - CHI EA '10},
    author = {Schmidt, Albrecht and Dey, Anind K. and Kun, Andrew L. and Spiessl, Wolfgang},
    pages = {3177},
    publisher = {ACM Press},
    url = {http://portal.acm.org/citation.cfm?doid=1753846.1753949},
    address = {New York, New York, USA},
    isbn = {9781605589305},
    doi = {10.1145/1753846.1753949},
    keywords = {automotive industry, car entertainment, cars, driver information systems, driver interaction, special interest group, vehicular information systems}
}

@book{Riener2016,
    title = {{Automotive User Interfaces in the Age of Automation {\{}(Dagstuhl{\}} Seminar 16262)}},
    year = {2016},
    booktitle = {Dagstuhl Reports},
    author = {Riener, A and Boll, S and Kun, A L},
    number = {6},
    pages = {111--157},
    volume = {6},
    isbn = {2192-5283},
    doi = {10.4230/DagRep.6.6.111},
    keywords = {111, 4230, 6, and phrases automotive uis, andreas l{\"{o}}cken, anna-katharina frison, cus-, dagrep, digital object identifier 10, driver-vehicle interaction services, edited in cooperation with, ethical issues, over, shadan sadeghianboro-, tomization of vehicles, trust, uis, ux in driving}
}

@article{Schmidt2010,
    title = {{Automotive user interfaces: human computer interaction in the car}},
    year = {2010},
    journal = {CHI '10: Extended Abstracts on Human Factors in Computing Systems (CHI EA '10)},
    author = {Schmidt, Albrecht and Dey, Anind K. and Kun, Andrew L. and Spie{\ss}l, Wolfgang},
    pages = {3177–3180},
    url = {http://portal.acm.org/citation.cfm?id=1753949&amp;dl=ACM},
    isbn = {9781605589305},
    doi = {10.1145/1753846.1753949},
    keywords = {Automotive Industry, Car Entertainment, Cars, Driver Information Systems, Driver Interaction, Special Interest Group, Vehicular Information Systems}
}

@article{Luettel2012,
    title = {{Autonomous Ground Vehicles ―Concepts and a Path to the Future}},
    year = {2012},
    journal = {Proceedings of the IEEE},
    author = {Luettel, Thorsten and Himmelsbach, Michael and Wuensche, Hans -Joachim},
    number = {Special Centennial Issue},
    pages = {1831--1839},
    volume = {100},
    url = {http://ieeexplore.ieee.org/ielx5/5/6259910/06179503.pdf?tp=&arnumber=6179503&isnumber=6259910%5Cnhttp://ieeexplore.ieee.org/xpl/articleDetails.jsp?tp=&arnumber=6179503&ranges=2010_2013_p_Publication_Year&openAccess=true&queryText=robot},
    isbn = {0018-9219},
    doi = {10.1109/JPROC.2012.2189803},
    issn = {0018-9219},
    pmid = {11355381}
}

@book{Nakagawa2017,
    title = {{Being Watched over by a Conversation Robot Enhances Safety in Simulated Driving Being Watched over by a Conversation Robot Enhances Safety in Simulated Driving Yoshinori Nakagawa *}},
    year = {2017},
    author = {Nakagawa, Yoshinori and Park, Kaechang and City, Kami and Prefecture, Kochi and Park, Kaechang},
    isbn = {8188757276}
}

@article{Ferrari2016,
    title = {{Blurring Human–Machine Distinctions: Anthropomorphic Appearance in Social Robots as a Threat to Human Distinctiveness}},
    year = {2016},
    journal = {International Journal of Social Robotics},
    author = {Ferrari, Francesco and Paladino, Maria Paola and Jetten, Jolanda},
    number = {2},
    pages = {287--302},
    volume = {8},
    publisher = {Springer Netherlands},
    isbn = {1875-4791},
    doi = {10.1007/s12369-016-0338-y},
    issn = {18754805},
    keywords = {Androids, Robot anthropomorphic appearance, Social acceptance of social robots, Threat to human distinctiveness, Uncanny valley}
}

@article{Yan2017,
    title = {{Building drivers trust in lane change assistance systems by adapting to drivers uncertainty states}},
    year = {2017},
    journal = {IEEE Intelligent Vehicles Symposium, Proceedings},
    author = {Yan, Fei and Eilers, Mark and Ludtke, Andreas and Baumann, Martin},
    number = {Iv},
    pages = {529--534},
    isbn = {9781509048045},
    doi = {10.1109/IVS.2017.7995772},
    keywords = {Human Factors and Human Machine Interaction,Advanc}
}

@misc{Motion2015,
    title = {{C{\#} API Reference — Leap Motion Unity SDK v2.2 documentation}},
    year = {2015},
    author = {Motion, Leap},
    url = {https://developer.leapmotion.com/documentation/unity/api/Leap_Classes.html}
}

@article{Zotowski2017,
    title = {{Can we control it? Autonomous robots threaten human identity, uniqueness, safety, and resources}},
    year = {2017},
    journal = {International Journal of Human Computer Studies},
    author = {Z{\l}otowski, Jakub and Yogeeswaran, Kumar and Bartneck, Christoph},
    number = {October 2016},
    pages = {48--54},
    volume = {100},
    doi = {10.1016/j.ijhcs.2016.12.008},
    issn = {10959300},
    keywords = {Attitudes, Autonomous system, Human-robot interaction, Social acceptance, Threat}
}

@misc{Enderle,
    title = {{Can You Make People Trust the Autonomous Car?}},
    author = {Enderle, Rob},
    url = {http://www.itbusinessedge.com/blogs/unfiltered-opinion/can-you-make-people-trust-the-autonomous-car.html}
}

@misc{NationalSafetyCouncil,
    title = {{Car Safety Features: My Car Does What}},
    author = {{National Safety Council} and {University of Iowa}},
    url = {https://mycardoeswhat.org/safety-features/}
}

@article{Meschtscherjakov2015,
    title = {{ChaseLight: ambient LED stripes to control driving speed}},
    year = {2015},
    journal = {Proceedings of the 7th International Conference on Automotive User Interfaces and Interactive Vehicular Applications - AutomotiveUI '15},
    author = {Meschtscherjakov, Alexander and D{\"{o}}ttlinger, Christine and R{\"{o}}del, Christina and Tscheligi, Manfred},
    pages = {212--219},
    url = {http://dl.acm.org/citation.cfm?id=2799250.2799279},
    isbn = {9781450337366},
    doi = {10.1145/2799250.2799279},
    keywords = {LED, ambient information, automotive, chasing lights, driving speed}
}

@article{Solovey2014,
    title = {{Classifying Driver Workload Using Physiological and Driving Performance Data: Two Field Studies}},
    year = {2014},
    author = {Solovey, Erin T and Zec, Marin and Abdon, Enrique and Perez, Garcia and Reimer, Bryan and Mehler, Bruce},
    pages = {4057--4066},
    url = {http://delivery.acm.org/10.1145/2560000/2557068/p4057-solovey.pdf?ip=130.203.245.77&id=2557068&acc=ACTIVE SERVICE&key=A792924B58C015C1.782FA3A5BE459501.4D4702B0C3E38B35.4D4702B0C3E38B35&__acm__=1524273538_eb5965471a6fbe1715af175f705fb1b6},
    isbn = {9781450324731},
    doi = {10.1145/2556288.2557068},
    keywords = {Author Keywords Cognitive workload, HCI), User Interfaces, driving, heart rate, physiological computing, skin conductance}
}

@article{Knobel2012,
    title = {{Clique Trip: feeling related in different cars}},
    year = {2012},
    journal = {Proceedings of the Designing Interactive Systems Conference},
    author = {Knobel, Martin and Hassenzahl, Marc and Lamara, Melanie and Sattler, Tobias and Schumann, Josef and Eckoldt, Kai and Butz, Andreas},
    pages = {29--37},
    isbn = {9781450312103},
    doi = {10.1145/2317956.2317963},
    keywords = {automotive, experience design, relatedness, social media, user experience}
}

@article{Steinfeld2006,
    title = {{Common metrics for human-robot interaction}},
    year = {2006},
    journal = {{\ldots} -Robot Interaction},
    author = {Steinfeld, Aaron and Fong, Terrence and Kaber, D},
    number = {1},
    pages = {33--40},
    url = {http://dl.acm.org/citation.cfm?id=1121249},
    isbn = {1595932941},
    doi = {10.1145/1121241.1121249},
    issn = {1595932941},
    keywords = {human-robot interaction, metrics, unmanned ground vehicles}
}

@article{Mahadevan2018,
    title = {{Communicating Awareness and Intent in Autonomous Vehicle-Pedestrian Interaction}},
    year = {2018},
    author = {Mahadevan, Karthik},
    pages = {1--12},
    isbn = {9781450356206},
    doi = {10.1145/3173574.3174003}
}

@article{Wulf,
    title = {{Computer Supported Cooperative Work Designing Socially Embedded Technologies in the Real-World}},
    author = {Wulf, Volker and Schmidt, Kjeld and Editors, David Randall}
}

@article{McKnight2001,
    title = {{Conceptualizing trust: A typology and e-commerce customer relationships model}},
    year = {2001},
    journal = {Proceedings of the Hawaii International Conference on System Sciences},
    author = {McKnight, D. Harrison and Chervany, Norman L.},
    number = {c},
    pages = {168},
    volume = {00},
    isbn = {0-7695-0981-9},
    doi = {10.1109/HICSS.2001.927053},
    issn = {10603425},
    keywords = {Customer relationship, Trust, Web vendor}
}

@inproceedings{Krome2016,
    title = {{Contextual Inquiry of Future Commuting in Autonomous Cars}},
    year = {2016},
    booktitle = {Proceedings of the 2016 CHI Conference Extended Abstracts on Human Factors in Computing Systems - CHI EA '16},
    author = {Krome, Sven and Walz, Steffen P and Greuter, Stefan},
    pages = {3122--3128},
    publisher = {ACM Press},
    url = {http://dl.acm.org/citation.cfm?doid=2851581.2892336},
    address = {New York, New York, USA},
    isbn = {9781450340823},
    doi = {10.1145/2851581.2892336},
    keywords = {automotive user experience, autonomous driving, commuting experiences, contextual inquiry}
}

@article{Krome,
    title = {{Contextual Inquiry of Future Commuting in Autonomous Cars Late-Breaking Work: Usable, Useful, and Desirable {\#}chi4good}},
    author = {Krome, Sven and Walz, Steffen P and Greuter, Stefan},
    url = {http://dx.doi.org/10.1145/2851581.2892336},
    doi = {10.1145/2851581.2892336},
    keywords = {Author Keywords Automotive User Experience, Autonomous Driving, Commuting Experiences, HCI), Miscellaneous}
}

@article{Forsyth2012,
    title = {{Defining Suburbs}},
    year = {2012},
    journal = {CPL bibliography},
    author = {Forsyth, Ann},
    number = {3},
    pages = {270--281},
    volume = {27},
    url = {http://journals.sagepub.com/doi/10.1177/0885412212448101},
    isbn = {0885-4122},
    doi = {10.1177/0885412212448101},
    issn = {0743-1635}
}

@article{Mehler2012,
    title = {{Defining workload in the context of driver state detection and HMI evaluation}},
    year = {2012},
    journal = {Proceedings of the 4th International Conference on Automotive User Interfaces and Interactive Vehicular Applications - AutomotiveUI '12},
    author = {Mehler, Bruce and Reimer, Bryan and Zec, Marin},
    number = {c},
    pages = {187},
    url = {http://dl.acm.org/citation.cfm?doid=2390256.2390288},
    isbn = {9781450317511},
    doi = {10.1145/2390256.2390288},
    keywords = {automation, distraction, hmi design, individual differences, mental workload, physiology, state detection, workload}
}

@article{Pettersson,
    title = {{Design Techniques for Exploring Automotive Interaction in the Drive towards Automation}},
    author = {Pettersson, Ingrid and Ju, Wendy},
    doi = {10.1145/3064663.3064666},
    keywords = {Author Keywords Vehicle interaction design, Miscellaneous, autonomous vehicles}
}

@article{Ferchow2016,
    title = {{Design, User Experience, and Usability: Technological Contexts}},
    year = {2016},
    author = {Ferchow, Swantje and Haase, Matthias and Kr, Julia and Vogel, Matthias},
    pages = {319--327},
    volume = {9748},
    url = {http://link.springer.com/10.1007/978-3-319-40406-6},
    isbn = {978-3-319-40405-9},
    doi = {10.1007/978-3-319-40406-6},
    issn = {16113349},
    keywords = {anthropomorphism {\'{a}} user characteristics, companion-system {\'{a}} wizard of, oz experiment}
}

@article{Healey2005,
    title = {{Detecting Stress During Real-World Dring Tasks Using Physiological Sensors}},
    year = {2005},
    journal = {IEEE Transactions on Intelligent Transportation Systems},
    author = {Healey, Jennifer A and Picard, Rosalind W},
    number = {2},
    pages = {156--166},
    volume = {6},
    url = {papers3://publication/uuid/9F325AAE-43CA-42F6-965A-29739A0EBF67},
    isbn = {1524-9050},
    doi = {10.1109/TITS.2005.848368},
    issn = {1524-9050},
    pmid = {19002707},
    keywords = {automated highways, computerised monitoring, conditi}
}

@inproceedings{Miller2015,
    title = {{Distraction becomes engagement in automated driving}},
    year = {2015},
    booktitle = {Proceedings of the Human Factors and Ergonomics Society},
    author = {Miller, David and Sun, Annabel and Johns, Mishel and Ive, Hillary and Sirkin, David and Aich, Sudipto and Ju, Wendy},
    pages = {1676--1680},
    volume = {2015-Janua},
    isbn = {9780945289470},
    doi = {10.1177/1541931215591362},
    issn = {10711813}
}

@article{Andersen2017,
    title = {{Do We Blindly Trust Self-Driving Cars}},
    year = {2017},
    journal = {Proceedings of the Companion of the 2017 ACM/IEEE International Conference on Human-Robot Interaction - HRI '17},
    author = {Andersen, Kamilla Egedal and K{\"{o}}slich, Simon and Pedersen, Bjarke Kristian Maigaard Kjær and Weigelin, Bente Charlotte and Jensen, Lars Christian},
    pages = {67--68},
    url = {http://dl.acm.org/citation.cfm?doid=3029798.3038428},
    isbn = {9781450348850},
    doi = {10.1145/3029798.3038428},
    issn = {21672148},
    keywords = {ai, artificial intelligence, as, autonomous system, hri, human robot interaction, sdc, self-driving car, trust}
}

@article{Pfromm2013,
    title = {{Driver assistance via optical information with spatial reference}},
    year = {2013},
    journal = {16th International IEEE Conference on Intelligent Transportation Systems (ITSC 2013)},
    author = {Pfromm, M. and Cieler, S. and Bruder, R.},
    number = {Itsc},
    pages = {2006--2011},
    url = {http://ieeexplore.ieee.org/document/6728524/},
    isbn = {978-1-4799-2914-6},
    doi = {10.1109/ITSC.2013.6728524}
}

@article{Abdi,
    title = {{Driver Information System: A Combination of Augmented Reality and Deep Learning}},
    author = {Abdi, Lotfi and Meddeb, Aref},
    doi = {10.1145/3019612.3019873},
    keywords = {Augmented Reality, Convolutional Neural Network, Deep learning, Graphics systems and in-terfaces, Head-Up Display, Keywords Intelligent Transportation Systems, Mixed / augmented reality}
}

@article{Takayama2008,
    title = {{Driver safety and information from afar: An experimental driving simulator study of wireless vs. in-car information services}},
    year = {2008},
    journal = {International Journal of Human Computer Studies},
    author = {Takayama, Leila and Nass, Clifford},
    number = {3},
    pages = {173--184},
    volume = {66},
    isbn = {1071-5819},
    doi = {10.1016/j.ijhcs.2006.06.005},
    issn = {10715819}
}

@article{Larnaout2013,
    title = {{Driving in an Augmented-City : From Fast and Automatic Large Scale Environment Modeling to On-line 6DOF Vehicle Localization}},
    year = {2013},
    author = {Larnaout, Dorra and Gay-Bellile, Vincent and Bourgeois, Steve and Labbe, Benjamin},
    keywords = {Augmented Reality, DEM, GPS, Monocular SLAM, bundle adjustment}
}

@article{Harris2017,
    title = {{Engineering Psychology and Cognitive Ergonomics Cognition and Design}},
    year = {2017},
    author = {Harris, Don}
}

@article{Kemeny2003,
    title = {{Evaluating perception in driving next term simulation experiments}},
    year = {2003},
    journal = {Trends in Cognitive Sciences},
    author = {Kemeny, Andras and Panerai, Francesco},
    number = {1},
    pages = {31--37},
    volume = {7},
    isbn = {1364-6613},
    doi = {10.1016/S1364-6613(02)00011-6},
    issn = {1364-6613},
    pmid = {12517356}
}

@article{Holmquist2004,
    title = {{Evaluating the Comprehension of Ambient Displays}},
    year = {2004},
    journal = {Extended Abstracts on Human Factors in Computing Systems (CHI'04)},
    author = {Holmquist, Lars Erik},
    pages = {1545--1545},
    url = {http://portal.acm.org/citation.cfm?doid=985921.986121},
    isbn = {1581137036},
    doi = {10.1145/985921.986121},
    keywords = {ambient displays, evaluation, framework, user studies}
}

@article{Tidwell2015,
    title = {{Evaluation of Heavy-Vehicle Crash Warning Interfaces}},
    year = {2015},
    author = {Tidwell, Scott and Blanco, Myra and Trimble, Tammy and Atwood, Jon and Morgan, Justin F and Virginia Tech Transportation, Institute and National Highway Traffic Safety, Administration},
    number = {September},
    pages = {121p},
    url = {http://www.nhtsa.gov/DOT/NHTSA/NVS/Crash Avoidance/Technical Publications/2015/812191_EvalHeavyVehicleCrashWarnInterface.pdf https://trid.trb.org/view/1373768},
    pmid = {1581010},
    keywords = {Crash avoidance systems Drivers Evaluation Heavy v}
}

@article{Rosler2006,
    title = {{Evaluation of night vision enhancement systems: Driver needs and acceptance}},
    year = {2006},
    journal = {Fahrerassistenzsysteme},
    author = {R{\"{o}}sler, Diana and Krems, JF and Mahlke, Sascha},
    number = {January},
    pages = {97--103},
    url = {http://saschamahlke.gmxhome.de/ressources/papers/FAS06.pdf},
    issn = {00187208},
    keywords = {driver assistance, heuristic evaluation, usability, vehicle design}
}

@misc{Baluja1996,
    title = {{Evolution of an artificial neural network based autonomous land vehicle controller.}},
    year = {1996},
    booktitle = {IEEE transactions on systems, man, and cybernetics. Part B, Cybernetics : a publication of the IEEE Systems, Man, and Cybernetics Society},
    author = {Baluja, S},
    number = {3},
    pages = {450--463},
    volume = {26},
    isbn = {1083-4419},
    doi = {10.1109/3477.499795},
    issn = {1083-4419},
    pmid = {18263046}
}

@article{Pfleging2014,
    title = {{Experience Maps: Experience-Enhanced Routes for Car Navigation}},
    year = {2014},
    author = {Pfleging, Bastian and Meschtscherjakov, Alexander and Schneegass, Stefan and Tscheligi, Manfred},
    url = {http://dx.doi.org/10.1145/2667239.2667275},
    doi = {10.1145/2667239.2667275},
    keywords = {Automotive user interfaces, car navigation, driving experience, route guidance, user experience.}
}

@article{Meschtscherjakovb,
    title = {{Experiencing Autonomous Vehicles: Crossing the Boundaries between a Drive and a Ride}},
    author = {Meschtscherjakov, Alexander and Tscheligi, Manfred and Szostak, Dalila and Krome, Sven and Ratan, Rabindra and Mccall, Roderick and Politis, Ioannis},
    url = {http://dx.doi.org/10.1145/2702613.2702661},
    doi = {10.1145/2702613.2702661},
    keywords = {Author Keywords Autonomous Vehicles, Human Factors, Human Information Processing, Human-Autonomy-Interaction}
}

@article{Rodden,
    title = {{Exploiting Context in HCI Design for Mobile Systems}},
    author = {Rodden, Tom and Chervest, Keith and Davies, Nigel and Dix, Alan}
}

@incollection{Weiss2015,
    title = {{Exploring Challenging Environments: Contextual Research in the Car and the Factory Through an HCI Lens}},
    year = {2015},
    author = {Weiss, Astrid and Meschtscherjakov, Alexander and Buchner, Roland and Strasser, Ewald and Kluckner, Patricia M. and Osswald, Sebastian and Mirnig, Nicole and Wilfinger, David and Perterer, Nicole and Sundstroem, Petra and Laminger, Arno and Tscheligi, Manfred},
    pages = {271--304},
    publisher = {Springer, London},
    url = {http://link.springer.com/10.1007/978-1-4471-6720-4_12},
    doi = {10.1007/978-1-4471-6720-4{\_}12}
}

@inproceedings{Hakkila2014,
    title = {{Exploring Mixed Reality Window Concept for Car Passengers}},
    year = {2014},
    booktitle = {Proceedings of the 6th International Conference on Automotive User Interfaces and Interactive Vehicular Applications - AutomotiveUI '14},
    author = {H{\"{a}}kkil{\"{a}}, Jonna and Colley, Ashley and Rantakari, Juho},
    pages = {1--4},
    url = {http://dl.acm.org/citation.cfm?doid=2667239.2667288},
    isbn = {9781450307253},
    doi = {10.1145/2667239.2667288},
    keywords = {Mixed reality, automotive user interfaces, location-based services, user interface design}
}

@article{Jian2010,
    title = {{Foundations for an Empirically Determined Scale of Trust in Automated Systems}},
    year = {2010},
    journal = {International Journal of Cognitive},
    author = {Jian, Jiun-yin and Bisantz, Ann M and Drury, Colin G and Jian, Jiun-yin and Bisantz, Ann M and Drury, Colin G},
    number = {January 2015},
    pages = {37--41},
    doi = {10.1207/S15327566IJCE0401}
}

@article{Walch2017,
    title = {{From Car-Driver-Handovers to Cooperative Interfaces: Visions for Driver–Vehicle Interaction in Automated Driving}},
    year = {2017},
    author = {Walch, Marcel and M{\"{u}}hl, Kristin and Kraus, Johannes and Stoll, Tanja and Baumann, Martin and Weber, Michael},
    pages = {273--294},
    url = {http://link.springer.com/10.1007/978-3-319-49448-7},
    isbn = {978-3-319-49447-0},
    doi = {10.1007/978-3-319-49448-7},
    issn = {1611-2776}
}

@article{Barkhuus2007,
    title = {{From Mice to Men - 24 Years of Evaluation in CHI}},
    year = {2007},
    journal = {Proceedings of the SIGCHI Conference on Human Factors in Computing Systems},
    author = {Barkhuus, Louise and Rode, Jennifer A.},
    pages = {1--16},
    url = {http://dl.acm.org/citation.cfm?id=1240624.2180963},
    isbn = {978-1-59593-593-9},
    doi = {10.1145/1240624.2180963},
    keywords = {acm classification keywords, evaluation, gender, history, meta-hci, qualitative, quantitative, user experience}
}

@incollection{Zobl2004,
    title = {{Gesture Components for Natural Interaction with In-Car Devices}},
    year = {2004},
    author = {Zobl, Martin and Nieschulz, Ralf and Geiger, Michael and Lang, Manfred and Rigoll, Gerhard},
    pages = {448--459},
    publisher = {Springer, Berlin, Heidelberg},
    url = {http://link.springer.com/10.1007/978-3-540-24598-8_41},
    doi = {10.1007/978-3-540-24598-8{\_}41}
}

@article{Rothenbucher2016,
    title = {{Ghost driver: A field study investigating the interaction between pedestrians and driverless vehicles}},
    year = {2016},
    journal = {25th IEEE International Symposium on Robot and Human Interactive Communication, RO-MAN 2016},
    author = {Rothenbucher, Dirk and Li, Jamy and Sirkin, David and Mok, Brian and Ju, Wendy},
    pages = {795--802},
    isbn = {9781509039296},
    doi = {10.1109/ROMAN.2016.7745210},
    issn = {1944-9445}
}

@article{Goillau2003,
    title = {{Guidelines for Trust in Future ATM Systems : Measures}},
    year = {2003},
    author = {Goillau, P. and Kelly, C. and Boardman, M. and Jeannot, E.},
    pages = {70},
    isbn = {HRS/HSP-005-GUI-01},
    doi = {HRS/HSP-005-GUI-02},
    keywords = {SATI}
}

@article{Telpaz,
    title = {{Haptic Seat for Automated Driving: Preparing the Driver to Take Control Effectively}},
    author = {Telpaz, Ariel and Rhindress, Brian and Zelman, Ido and Tsimhoni, Omer},
    url = {http://dx.doi.org/10.1145/2799250.2799267},
    doi = {10.1145/2799250.2799267},
    keywords = {Author Keywords Haptic seat, automated driving HMI, eye tracking ACM Classification Keywords H}
}

@inproceedings{Meschtscherjakov2016,
    title = {{HCI and Autonomous Vehicles}},
    year = {2016},
    booktitle = {Proceedings of the 2016 CHI Conference Extended Abstracts on Human Factors in Computing Systems - CHI EA '16},
    author = {Meschtscherjakov, Alexander and Ju, Wendy and Tscheligi, Manfred and Szostak, Dalila and Krome, Sven and Pfleging, Bastian and Ratan, Rabindra and Politis, Ioannis and Baltodano, Sonia and Miller, Dave},
    pages = {3542--3549},
    publisher = {ACM Press},
    url = {http://dl.acm.org/citation.cfm?doid=2851581.2856489},
    address = {New York, New York, USA},
    isbn = {9781450340823},
    doi = {10.1145/2851581.2856489},
    keywords = {automated driving, autonomous vehicles, human-machine interaction, user experience}
}

@article{Ji2015,
    title = {{HCI for Elderly and Smart Vehicle Interaction}},
    year = {2015},
    journal = {International Journal of Human-Computer Interaction},
    author = {Ji, Yong Gu},
    number = {10},
    month = {10},
    pages = {633--634},
    volume = {31},
    publisher = {Taylor {\&} Francis},
    url = {http://www.tandfonline.com/doi/full/10.1080/10447318.2015.1070534},
    doi = {10.1080/10447318.2015.1070534},
    issn = {1044-7318}
}

@article{Loehmann2014,
    title = {{Heartbeat: Experience the Pulse of an Electric Vehicle}},
    year = {2014},
    journal = {Proceedings of the 6th International Conference on Automotive User Interfaces and Interactive Vehicular Applications.},
    author = {Loehmann, Sebastian and Landau, Marc and Koerber, Moritz and Butz, Andreas},
    pages = {1--10},
    isbn = {9781450332125},
    doi = {10.1145/2667317.2667331},
    keywords = {Electric Vehicle, Experience Design, UX, User Experience}
}

@article{Mankoff2003,
    title = {{Heuristic Evaluation of Ambient Displays}},
    year = {2003},
    journal = {Proceedings of the SIGCHI conference on Human factors in computing systems},
    author = {Mankoff, Jennifer and Dey, Anind K a.K. and Hsieh, Gary and Kientz, Julie and Lederer, Scott and Ames, Morgan},
    number = {5},
    pages = {169--176},
    url = {http://portal.acm.org/citation.cfm?id=642611.642642},
    isbn = {1581136307},
    doi = {10.1145/642611.642642},
    issn = {1941-6237},
    pmid = {474},
    keywords = {ambient displays, heuristic evaluation}
}

@article{Lee2016a,
    title = {{High risk of near-crash driving events following night-shift work}},
    year = {2016},
    journal = {Proceedings of the National Academy of Sciences},
    author = {Lee, Michael L. and Howard, Mark E. and Horrey, William J. and Liang, Yulan and Anderson, Clare and Shreeve, Michael S. and O’Brien, Conor S. and Czeisler, Charles A.},
    number = {1},
    pages = {176--181},
    volume = {113},
    url = {http://www.pnas.org/lookup/doi/10.1073/pnas.1510383112},
    isbn = {0027-8424},
    doi = {10.1073/pnas.1510383112},
    issn = {0027-8424},
    pmid = {26699470}
}

@article{mulla2018holographic,
    title = {{Holographic Information System, the future of in-car experience?}},
    year = {2018},
    journal = {한국 HCI 학회 학술대회},
    author = {Mulla, Mehmet and Kim, Albert and Ryu, Seungyeon and Lambert, Nicholas},
    pages = {275--279}
}

@article{Vugt1996,
    title = {{How a Structural Solution to a Real-World Social Dilemma Failed: A Field Experiment on the First Carpool Lane in Europe}},
    year = {1996},
    journal = {Social Psychology Quarterly},
    author = {Vugt, Mark Van and Lange, Paul A. M. Van and Meertens, Ree M. and Joireman, Jeffrey A.},
    number = {4},
    month = {12},
    pages = {364},
    volume = {59},
    publisher = {American Sociological Association},
    url = {http://www.jstor.org/stable/2787077?origin=crossref},
    doi = {10.2307/2787077},
    issn = {01902725},
    keywords = {Automobiles, Carpooling, Commuters, Commuting, High occupancy vehicle lanes, Psychology, Questionnaires, Social psychology, Travel expenses, Travel time}
}

@article{Strahilevitz2000,
    title = {{How Changes in Property Regimes Influence Social Norms: Commodifying California's Carpool Lanes}},
    year = {2000},
    journal = {Indiana Law Journal},
    author = {Strahilevitz, Lior Jacob},
    volume = {75},
    url = {http://heinonline.org/HOL/Page?handle=hein.journals/indana75&id=1281&div=&collection=}
}

@article{Kraus2016,
    title = {{Human After All}},
    year = {2016},
    journal = {Proceedings of the 8th International Conference on Automotive User Interfaces and Interactive Vehicular Applications Adjunct  - Automotive'UI 16},
    author = {Kraus, Johannes Maria and Nothdurft, Florian and Hock, Philipp and Scholz, David and Minker, Wolfgang and Baumann, Martin},
    pages = {129--134},
    url = {http://dl.acm.org/citation.cfm?doid=3004323.3004338},
    isbn = {9781450346542},
    doi = {10.1145/3004323.3004338},
    keywords = {Anthropomorphism, NAO, driver-vehicle cooperation, human-robot interaction, trust in automation}
}

@article{Kwon2016,
    title = {{Human expectations of social robots}},
    year = {2016},
    journal = {ACM/IEEE International Conference on Human-Robot Interaction},
    author = {Kwon, Minae and Jung, Malte F. and Knepper, Ross A.},
    pages = {463--464},
    volume = {2016-April},
    isbn = {9781467383707},
    doi = {10.1109/HRI.2016.7451807},
    issn = {21672148}
}

@article{Llaneras2013,
    title = {{Human factors issues associated with limited ability autonomous driving systems: Drivers' allocation of visual attention to the forward roadway}},
    year = {2013},
    journal = {Proceedings of the Seventh International Driving Symposium on Human Factors in Driver Assessment, Training, and Vehicle Design},
    author = {Llaneras, Robert E. and Salinger, Jeremy and Green, Charles A.},
    pages = {92--98},
    url = {http://drivingassessment.uiowa.edu/sites/default/files/DA2013/Papers/015_Llaneras_0.pdf},
    isbn = {9780615819723},
    doi = {10.17077/drivingassessment.1472},
    issn = {1057-8153},
    pmid = {1574820}
}

@article{Kun2018,
    title = {{Human-Machine Interaction for Vehicles : Review and Outlook}},
    year = {2018},
    journal = {Foundations and Trends in Human–Computer Interaction},
    author = {Kun, Andrew L.},
    number = {4},
    pages = {201--293},
    volume = {11},
    url = {https://www.nowpublishers.com/article/Details/HCI-069},
    isbn = {9781680833720},
    doi = {10.1561/1100000069.Andrew},
    issn = {1551-3955},
    keywords = {Driving, In-vehicle HCI}
}

@article{Risto2017,
    title = {{Human-Vehicle Interfaces: The Power of Vehicle Movement Gestures in Human Road User Coordination}},
    year = {2017},
    journal = {Driving Assessment: The Ninth International Driving Symposium on Human Factors in Driver Assessment, Training and Vehicle Design},
    author = {Risto, Malte and Emmenegger, Colleen and Vinkhuyzen, Erik and Cefkin, Melissa and Hollan, Jim},
    pages = {186--192},
    doi = {10.17077/drivingassessment.1633}
}

@book{InstitutionofElectricalEngineers.2015,
    title = {{IEE proceedings. Intelligent transport systems.}},
    year = {2015},
    booktitle = {IET Intelligent Transport Systems},
    author = {Institution of Electrical Engineers., Ingrid and Karlsson, I.C. MariAnne},
    number = {7},
    month = {5},
    pages = {694--701},
    volume = {9},
    publisher = {Institution of Electrical Engineers},
    url = {http://digital-library.theiet.org/content/journals/10.1049/iet-its.2014.0168},
    issn = {1751-9578},
    keywords = {automotive technology, autonomous cars, autonomous driving experiences, content analysis, qualitative approach}
}

@article{Rodriguez2014,
    title = {{In-car Ambient Displays for Safety Driving Gamification}},
    year = {2014},
    author = {Rodr{\'{i}}guez, Marcela D and Roa, Rubén R and Ibarra, Jorge E and Curlango, Cecilia M},
    pages = {26--26},
    url = {http://doi.acm.org/10.1145/2676690.2676701%5Cnfiles/22438/Rodríguez et al. - 2014 - In-car Ambient Displays for Safety Driving Gamification.pdf},
    isbn = {978-1-4503-3285-9},
    doi = {10.1145/2676690.2676701},
    keywords = {Behavior change, ambient displays, gamification}
}

@article{Noble2016,
    title = {{Influence of In-Vehicle Adaptive Stop Display on Driving Behavior and Safety}},
    year = {2016},
    journal = {IEEE Transactions on Intelligent Transportation Systems},
    author = {Noble, Alexandria M. and Dingus, Thomas A. and Doerzaph, Zachary R.},
    number = {10},
    pages = {2767--2776},
    volume = {17},
    isbn = {1524-9050},
    doi = {10.1109/TITS.2016.2523438},
    issn = {15249050},
    pmid = {1615447},
    keywords = {Adaptive sign, ITS, Un-signalized intersections, adaptive, compliance, connected vehicles, driving behavior, human factors, stop signs}
}

@article{Heigemeyr,
    title = {{Information Management for Adaptive Automotive Human Machine Interfaces}},
    author = {Heigemeyr, Andreas and Harrer, Andreas},
    doi = {10.1145/2667317.2667341},
    keywords = {Adaptive HMI, Blackboard Systems, Information Management, Presentation Strategies}
}

@article{Meschtscherjakov2018,
    title = {{Interacting with Autonomous Vehicles : Learning from other Domains}},
    year = {2018},
    author = {Meschtscherjakov, Alexander and Tscheligi, Manfred and Pfleging, Bastian},
    pages = {1--8},
    isbn = {9781450356213}
}

@article{Korber2018,
    title = {{Introduction matters: Manipulating trust in automation and reliance in automated driving}},
    year = {2018},
    journal = {Applied Ergonomics},
    author = {K{\"{o}}rber, Moritz and Baseler, Eva and Bengler, Klaus},
    pages = {18--31},
    volume = {66},
    doi = {10.1016/j.apergo.2017.07.006},
    issn = {18729126},
    keywords = {Automated driving, Reliance, Trust in automation}
}

@misc{Plemmons2015,
    title = {{Introduction to Motion Control}},
    year = {2015},
    author = {Plemmons, Daniel and Mandel, Paul},
    url = {https://developer.leapmotion.com/articles/intro-to-motion-control}
}

@misc{JASP2018,
    title = {{JASP (Version 0.9)[Computer software]}},
    year = {2018},
    author = {{JASP Team}},
    url = {https://jasp-stats.org/}
}

@article{Politis,
    title = {{Language-Based Multimodal Displays for the Handover of Control in Autonomous Cars}},
    author = {Politis, Ioannis and Brewster, Stephen and Pollick, Frank},
    doi = {10.1145/2799250.2799262},
    keywords = {Author's kit, Conference Publications, Guides, instructions}
}

@article{Beggiato2015,
    title = {{Learning and development of trust, acceptance and the mental model of ACC. A longitudinal on-road study}},
    year = {2015},
    journal = {Transportation Research Part F: Traffic Psychology and Behaviour},
    author = {Beggiato, Matthias and Pereira, Marta and Petzoldt, Tibor and Krems, Josef},
    pages = {75--84},
    volume = {35},
    publisher = {Elsevier Ltd},
    url = {http://dx.doi.org/10.1016/j.trf.2015.10.005},
    isbn = {1369-8478},
    doi = {10.1016/j.trf.2015.10.005},
    issn = {13698478},
    pmid = {1582385},
    keywords = {Acceptance, Adaptive cruise control, Automation, Mental model, Power law of learning, Trust}
}

@article{Trosterer,
    title = {{Light My Way: Visualizing Shared Gaze in the Car}},
    author = {Tr{\"{o}}sterer, Sandra and Wuchse, Martin and D{\"{o}}ttlinger, Christine and Meschtscherjakov, Alexander and Tscheligi, Manfred},
    doi = {10.1145/2799250.2799258},
    keywords = {Author's kit, Conference Publications, Guides, instructions}
}

@article{Petterssona,
    title = {{Living Room on the Move – Autonomous Vehicles and Social Experiences}},
    author = {Pettersson, Ingrid and Hylving, Lena and Rydstr{\"{o}}m, Annie and Andersson, Jonas and Str{\"{o}}mberg, Helena and Klingeg{\aa}rd, Maria and Karlsson, Marianne},
    doi = {10.1145/2971485.2987669},
    keywords = {Author's kit, Conference Publications, Guides, instructions}
}

@article{Kim,
    title = {{Look at Me: Augmented Reality Pedestrian Warning System Using an In-vehicle Volumetric Head Up Display}},
    year = {2016},
    author = {Kim, Hyungil and Anon, Alexandre Miranda and Misu, Teruhisa and Li, Nanxiang and Tawari, Ashish and Fujimura, Kikuo},
    doi = {10.1145/2856767.2856815},
    keywords = {Artificial, Author Keywords Augmented reality (AR), Evaluation/methodology, H51 Multimedia Information Systems, H52 User Interfaces, Human factors, and virtual realities, augmented, depth perception, head up display, pedestrian collision warning}
}

@article{Meschtscherjakova,
    title = {{MaDSAV: Maintaining Driving Skills in Semi-Autonomous Vehicles}},
    year = {2015},
    author = {Meschtscherjakov, Alexander and Tscheligi, Manfred},
    doi = {10.1145/2809730.2809732},
    keywords = {Author Keywords Autonomous vehicles, Autonomous vehicles, driving skills, semi-autonomous driving, user study}
}

@article{Wang2017,
    title = {{Marionette: Enabling On-Road Wizard-of-Oz Autonomous Driving Studies}},
    year = {2017},
    journal = {Proceedings of the 2017 ACM/IEEE International Conference on Human-Robot Interaction - HRI '17},
    author = {Wang, Peter and Sibi, Srinath and Mok, Brian and Ju, Wendy},
    pages = {234--243},
    url = {http://dl.acm.org/citation.cfm?doid=2909824.3020256},
    isbn = {9781450343367},
    doi = {10.1145/2909824.3020256},
    issn = {21672148},
    keywords = {autonomous vehicle interfaces, marionette, methodology, on-road simulation, steering wheel}
}

@article{Balkmar2018,
    title = {{Masculinity and Autonomous Vehicles}},
    year = {2018},
    journal = {Transfers},
    author = {Balkmar, Dag and Mellstr{\"{o}}m, Ulf},
    number = {1},
    pages = {44--63},
    volume = {8},
    url = {http://berghahnjournals.com/view/journals/transfers/8/1/trans080105.xml},
    doi = {10.3167/TRANS.2018.080105},
    issn = {2045-4813},
    keywords = {anthropomorphization, as car-intensive societies move, autonomous vehicles, bility, degendering, interpellation, into an era in, masculinity, mo-, political concerns that need, resegregation, there are many pressing, to be addressed, trucks, urgent need of sustainable}
}

@article{Madsen2000,
    title = {{Measuring Human-Computer Trust}},
    year = {2000},
    journal = {Proceedings of Eleventh Australasian Conference on Information Systems},
    author = {Madsen, Maria and Gregor, Shirley},
    pages = {6--8},
    url = {http://books.google.com/books?hl=en&lr=&id=b0yalwi1HDMC&oi=fnd&pg=PA102&dq=The+Big+Five+Trait+Taxonomy:+History,+measurement,+and+Theoretical+Perspectives&ots=758BNaTvOi&sig=L52e79TS6r0Fp2m6xQVESnGt8mw%5Cnhttp://citeseerx.ist.psu.edu/viewdoc/download?doi=},
    keywords = {decision support, expert systems, human-computer trust, instrument development, survey research, systems}
}

@article{Corritore2005,
    title = {{Measuring Online Trust of Websites: Credibility, Perceived Ease of Use, and Risk}},
    year = {2005},
    journal = {Proceedings of the Eleventh Americas Conference on Information Systems},
    author = {Corritore, Cynthia L and Marble, Robert P and Wiedenbeck, Susan and Kracher, Beverly and Chandran, Ashwin},
    pages = {2419--2426},
    isbn = {9781604235531},
    keywords = {Trust, e-commerce, online trust, website}
}

@article{DorantesArgandar2016,
    title = {{Measuring situations that stress Mexicans while driving}},
    year = {2016},
    journal = {Transportation Research Part F: Traffic Psychology and Behaviour},
    author = {Dorantes Argandar, Gabriel and Tortosa Gil, Francisco and Ferrero Berlanga, Javier},
    pages = {154--161},
    volume = {37},
    publisher = {Elsevier Ltd},
    url = {http://dx.doi.org/10.1016/j.trf.2015.12.014},
    isbn = {1369-8478},
    doi = {10.1016/j.trf.2015.12.014},
    issn = {13698478},
    pmid = {1591739},
    keywords = {Driving, Stress, Well-being}
}

@article{Sivak2015,
    title = {{Motion Sickness in Self-Driving Vehicles}},
    year = {2015},
    author = {Sivak, Michael and Schoettle, Brandon},
    number = {April}
}

@article{James2006,
    title = {{Movement-based interactive dance performance}},
    year = {2006},
    journal = {Proceedings of the 14th annual ACM international conference on Multimedia - MULTIMEDIA '06},
    author = {James, Jodi and Ingalls, Todd and Qian, Gang and Olsen, Loren and Whiteley, Daniel and Wong, Siew and Rikakis, Thanassis},
    pages = {470},
    publisher = {ACM Press},
    url = {http://portal.acm.org/citation.cfm?doid=1180639.1180733},
    address = {New York, New York, USA},
    isbn = {1595934472},
    doi = {10.1145/1180639.1180733},
    keywords = {3D, 3d, animation, audio feedback, context-aware computing, interaction design, interactive dance, live performance, movement analysis, real-time visual and, real-time visual and audio feedback, system design}
}

@article{Wickens2002,
    title = {{Multiple resources and performance prediction}},
    year = {2002},
    author = {Wickens, Christopher D.},
    number = {2},
    pages = {159--177},
    volume = {3},
    doi = {10.1080/14639220210123806},
    keywords = {accounting for differences in, attention, dual task interference, multiple resource theory in, one particular application, origins and history of, performance, this paper describes the, time sharing workload}
}

@article{NHTSA2013,
    title = {{National Highway Traffic Safety Administration Preliminary Statement of Policy Concerning Automated Vehicles}},
    year = {2013},
    journal = {National Highway Traffic Safety Administration},
    author = {{NHTSA}},
    pages = {14},
    keywords = {Autonomous, Levels, NHTSA}
}

@article{Matviienko2016,
    title = {{NaviLight}},
    year = {2016},
    journal = {Proceedings of the 18th International Conference on Human-Computer Interaction with Mobile Devices and Services - MobileHCI '16},
    author = {Matviienko, Andrii and L{\"{o}}cken, Andreas and El Ali, Abdallah and Heuten, Wilko and Boll, Susanne},
    pages = {283--294},
    url = {http://dl.acm.org/citation.cfm?doid=2935334.2935359},
    isbn = {9781450344081},
    doi = {10.1145/2935334.2935359},
    keywords = {ambient displays, light-based navigation, navigation, peripheral visualization}
}

@article{Burnett2009,
    title = {{On-the-Move and in your car : An overview of HCI issues for in-car computing}},
    year = {2009},
    journal = {International Journal of Mobile Human Computer Interaction},
    author = {Burnett, G.E.},
    number = {1},
    pages = {60--78},
    volume = {1},
    isbn = {9781609604998},
    doi = {10.4018/978-1-60960-499-8.ch004},
    issn = {1942-390X},
    keywords = {cars, distraction, driving, human factors, navigation, safety, simulation, vehicles}
}

@article{Thill,
    title = {{Perceived intelligence as a factor in (semi-) autonomous vehicle UX}},
    author = {Thill, Serge and Nilsson, Maria and Riveiro, Maria},
    keywords = {Author Keywords Vehicle UI, Driver Behaviour, Driver Perception, Trust in Automation, User Interfaces, Vehicle Intelligence, Vehicle UI}
}

@article{Rohde,
    title = {{PointCom: Semi-Autonomous UGV Control with Intuitive Interface}},
    author = {Rohde, Mitchell M and Perlin, Victor E and Iagnemma, Karl D and Lupa, Robert M and Rohde, Steven M and Overholt, James and Fiorani, Graham},
    keywords = {control, human factors, interface, mechatronics, robotics, teleoperation, unmanned, visual odometry}
}

@article{Schroeter2016,
    title = {{Pok{\'{e}}mon DRIVE}},
    year = {2016},
    journal = {Proceedings of the 28th Australian Conference on Computer-Human Interaction - OzCHI '16},
    author = {Schroeter, Ronald and Steinberger, Fabius},
    pages = {25--29},
    url = {http://dl.acm.org/citation.cfm?doid=3010915.3010973},
    isbn = {9781450346184},
    doi = {10.1145/3010915.3010973},
    keywords = {augmented reality, situational awareness, vehicle automation, windscreen displays}
}

@article{Faezipour,
    title = {{Progress and Challenges in Intelligent Vehicle Area Networks}},
    author = {Faezipour, Miad}
}

@article{Schoettle2014,
    title = {{Public Opinion About Self-Driving Vehicles in China, India, Japan, The U.S., The U.K. and Australia}},
    year = {2014},
    author = {Schoettle, Brandon and Sivak, Michael},
    number = {UMTRI-2014-30 (October)},
    pages = {1--85},
    isbn = {UMTRI-2014-21},
    doi = {UMTRI-2014-30}
}

@article{Ive,
    title = {{Quantitative Measures of User Experience in Autonomous Driving Simulators}},
    year = {2014},
    author = {Ive, Hillary Page and Ju, Wendy and Kohler, Kirstin},
    doi = {10.1145/2667239.2667312},
    keywords = {Author Keywords autonomous driving, measurement, questionnaire, relevant factors, simulation ACM Classification Keywords}
}

@article{Palmerini2014,
    title = {{RoboLaw Regulating Emerging Robotic Technologies in Europe: Robotics facing Law and Ethics}},
    year = {2014},
    author = {Palmerini, Erica and Azzarri, Federico and Battaglia, Fiorella and Bertolini, Andrea and Carnevale, Antonio and Carpaneto, Jacopo and Cavallo, Filippo and Carlo, Angela Di and Cempini, Marco and Controzzi, Marco and Koops, Bert-Jaap and Lucivero, Federica and Mukerji, Nikil and Nocco, Luca and Pirni, Alberto and Shah, Huma and Salvini, Pericle and Schellekens, Maurice and Warwick, Kevin},
    pages = {1--215},
    url = {http://www.robolaw.eu/RoboLaw_files/documents/robolaw_d6.2_guidelinesregulatingrobotics_20140922.pdf}
}

@misc{Crabtree2008,
    title = {{RWJF - Qualitative Research Guidelines Project | Unstructured Interviews}},
    year = {2008},
    author = {{Crabtree} and {Cohen}},
    url = {http://www.qualres.org/HomeUnst-3630.html}
}

@article{Wang2016,
    title = {{Same , Same but Different : How Design Requirements for an Auditory Advisory Traffic Information System Differ Between Sweden and China}},
    year = {2016},
    journal = {8th International Conference on Automotive User Interfaces and Interactive Vehicular Applications},
    author = {Wang, Minjuan and Lyckvi, Sus Lundgren and Chen, Fang},
    pages = {75--82},
    isbn = {9781450345330},
    doi = {10.1145/3003715.3005450}
}

@article{Jorlov2017,
    title = {{Seating Positions and Activities in Highly Automated Cars–A Qualitative Study of Future Automated Driving Scenarios}},
    year = {2017},
    journal = {IRCOBI Conference 2017},
    author = {Jorlov, Sofia and Bohman, Katarina and Larsson, Annika},
    pages = {749--750},
    keywords = {driving car, highly automated vehicles, qualitative study, seating position, self, user experience}
}

@article{Diels2016,
    title = {{Self-driving carsickness}},
    year = {2016},
    journal = {Applied Ergonomics},
    author = {Diels, Cyriel and Bos, Jelte E.},
    pages = {374--382},
    volume = {53},
    publisher = {Elsevier Ltd},
    url = {http://dx.doi.org/10.1016/j.apergo.2015.09.009},
    isbn = {0003-6870},
    doi = {10.1016/j.apergo.2015.09.009},
    issn = {18729126},
    pmid = {26446454},
    keywords = {Anticipation, Carsickness, Design, Displays, Motion sickness, Sensory conflict, Vehicle automation}
}

@article{Kun2016,
    title = {{Shifting Gears: User Interfaces in the Age of Autonomous Driving}},
    year = {2016},
    journal = {IEEE Pervasive Computing},
    author = {Kun, Andrew L. and Boll, Susanne and Schmidt, Albrecht},
    number = {1},
    month = {1},
    pages = {32--38},
    volume = {15},
    url = {http://ieeexplore.ieee.org/document/7389268/},
    isbn = {1536-1268},
    doi = {10.1109/MPRV.2016.14},
    issn = {15361268},
    pmid = {112475931},
    keywords = {HCI, autonomous driving, driving, human-computer interaction, intelligent systems, mobile, pervasive computing, smart vehicle spaces, transportation}
}

@article{Hallvig2013,
    title = {{Sleepy driving on the real road and in the simulator - A comparison}},
    year = {2013},
    journal = {Accident Analysis and Prevention},
    author = {Hallvig, David and Anund, Anna and Fors, Carina and Kecklund, Göran and Karlsson, Johan G. and Wahde, Mattias and {\AA}kerstedt, Torbjörn},
    pages = {44--50},
    volume = {50},
    publisher = {Elsevier Ltd},
    url = {http://dx.doi.org/10.1016/j.aap.2012.09.033},
    isbn = {1879-2057 (Electronic){\textbackslash}r0001-4575 (Linking)},
    doi = {10.1016/j.aap.2012.09.033},
    issn = {00014575},
    pmid = {23149323},
    keywords = {Driving performance, EEG, EOG, KSS, Lateral deviation, Lateral position, Night, Shift work, Speed}
}

@article{Naveda2005,
    title = {{Sonification of Samba dance using periodic pattern analysis}},
    year = {2005},
    journal = {Proceedings of 4th International Conference on Digital Arts ARTECH 2008.},
    author = {Naveda, Luiz Alberto and Leman, Marc},
    pages = {16--26},
    isbn = {978-989-95776-3-3}
}

@article{Jensenius2013,
    title = {{Sonifying the Shape of Human Body Motion using Motiongrams}},
    year = {2013},
    journal = {Empirical Musicology Review},
    author = {Jensenius, Alexander Refsum and God{\o}y, Rolf Inge},
    number = {2},
    pages = {73--83},
    volume = {8},
    issn = {1559-5749}
}

@article{Green2013,
    title = {{Standard definitions for driving measures and statistics}},
    year = {2013},
    journal = {Proceedings of the 5th International Conference on Automotive User Interfaces and Interactive Vehicular Applications - AutomotiveUI '13},
    author = {Green, Paul},
    pages = {184--191},
    url = {http://dl.acm.org/citation.cfm?doid=2516540.2516542},
    isbn = {9781450324786},
    doi = {10.1145/2516540.2516542},
    keywords = {driving safety, ergonomics, human factors, sae j2944}
}

@article{Shladover2009,
    title = {{Steven E. Shladover}},
    year = {2009},
    author = {Shladover, Steven E},
    pages = {10--19}
}

@article{Salai2016,
    title = {{Stress detection using low cost heart rate sensors}},
    year = {2016},
    journal = {Journal of Healthcare Engineering},
    author = {Salai, Mario and Vass{\'{a}}nyi, István and K{\'{o}}sa, István},
    number = {i},
    volume = {2016},
    doi = {10.1155/2016/5136705},
    issn = {20402309},
    pmid = {27372071}
}

@article{Loecken2015,
    title = {{Supporting Lane Change Decisions with Ambient Light}},
    year = {2015},
    journal = {AutoUI '15},
    author = {Loecken, Andreas and Heuten, Wilko and Boll, Susanne},
    pages = {204--211},
    isbn = {9781450337366},
    doi = {10.1145/2799250.2799259}
}

@article{Hauslschmid2017,
    title = {{SupportingTrust in Autonomous Driving}},
    year = {2017},
    journal = {Proceedings of the 22nd International Conference on Intelligent User Interfaces - IUI '17},
    author = {H{\"{a}}uslschmid, Renate and von B{\"{u}}low, Max and Pfleging, Bastian and Butz, Andreas},
    pages = {319--329},
    url = {http://dl.acm.org/citation.cfm?doid=3025171.3025198},
    isbn = {9781450343480},
    doi = {10.1145/3025171.3025198}
}

@article{Locken2015a,
    title = {{TactiCar: towards supporting drivers during lane change using vibro-tactile patterns}},
    year = {2015},
    journal = {Adjunct Proceedings of the 7th International Conference on Automotive User Interfaces and Interactive Vehicular Applications - AutomotiveUI '15},
    author = {L{\"{o}}cken, Andreas and Buhl, Hendrik and Heuten, Wilko and Boll, Susanne},
    pages = {32--37},
    url = {http://dl.acm.org/citation.cfm?doid=2809730.2809758},
    isbn = {9781450338585},
    doi = {10.1145/2809730.2809758},
    keywords = {Driver Assistance, Human-Centered Design, Lane Change Decision, Multimodal Displays., Multiple Resource Theory, Vibro-Tactile Displays}
}

@book{krishna2015best,
    title = {{The best interface is no interface: the simple path to brilliant technology}},
    year = {2015},
    author = {Krishna, Golden},
    publisher = {Pearson Education},
    isbn = {978-0-13-389033-4}
}

@article{Wilfinger2013,
    title = {{The car data toolkit}},
    year = {2013},
    journal = {Proceedings of the 5th International Conference on Automotive User Interfaces and Interactive Vehicular Applications - AutomotiveUI '13},
    author = {Wilfinger, David and Murer, Martin and Baumgartner, Axel and D{\"{o}}ttlinger, Christine and Meschtscherjakov, Alexander and Tscheligi, Manfred},
    pages = {168--175},
    url = {http://dl.acm.org/citation.cfm?doid=2516540.2516550},
    isbn = {9781450324786},
    doi = {10.1145/2516540.2516550}
}

@article{Siegel1998,
    title = {{The Challenge of Interactive Dance: An Overview and Case Study}},
    year = {1998},
    journal = {Computer Music Journal},
    author = {Siegel, W and Jacobson, J},
    number = {4},
    pages = {29--43},
    volume = {22}
}

@article{Siegel1998b,
    title = {{The Challenge of Interactive Dance: An Overview and Case Study}},
    year = {1998},
    journal = {Computer Music Journal},
    author = {Siegel, W and Jacobson, J},
    number = {4},
    pages = {29--43},
    volume = {22}
}

@article{Ju2015,
    title = {{The Design of Implicit Interactions}},
    year = {2015},
    journal = {Synthesis Lectures on Human-Centered Informatics},
    author = {Ju, Wendy},
    number = {2},
    pages = {1--93},
    volume = {8},
    url = {http://dx.doi.org/10.2200/S00619ED1V01Y201412HCI028},
    isbn = {9780549622277},
    doi = {10.2200/S00619ED1V01Y201412HCI028},
    issn = {1946-7680}
}

@incollection{Dunbar2017,
    title = {{The Human Element in Autonomous Vehicles}},
    year = {2017},
    author = {Dunbar, Jerone and Gilbert, Juan E.},
    month = {7},
    pages = {339--362},
    publisher = {Springer, Cham},
    url = {http://link.springer.com/10.1007/978-3-319-58475-1_26},
    doi = {10.1007/978-3-319-58475-1{\_}26}
}

@article{Waytz2014,
    title = {{The mind in the machine: Anthropomorphism increases trust in an autonomous vehicle}},
    year = {2014},
    journal = {Journal of Experimental Social Psychology},
    author = {Waytz, Adam and Heafner, Joy and Epley, Nicholas},
    pages = {113--117},
    volume = {52},
    publisher = {Elsevier Inc.},
    isbn = {9781450332125},
    doi = {10.1016/j.jesp.2014.01.005},
    issn = {00221031},
    keywords = {Anthropomorphism, Dehumanization, Human-computer interaction, Mind perception, Moral responsibility, Trust}
}

@phdthesis{Schaefer2013,
    title = {{The Perception and Measurement of Human-Robot Trust}},
    year = {2013},
    author = {Schaefer, Kristin},
    pages = {360},
    url = {http://stars.library.ucf.edu/cgi/viewcontent.cgi?article=3688&context=etd}
}

@article{Mok2014,
    title = {{The Push vs Pull of Information between Autonomous Cars and Human Drivers Brian}},
    year = {2014},
    journal = {Proceedings of the 6th International Conference on Automotive User Interfaces and Interactive Vehicular Applications - AutomotiveUI '14},
    author = {Mok, Brian and Ju, Wendy},
    pages = {1--5},
    publisher = {ACM Press},
    url = {http://dx.doi.org/10.1145/2667239.2667287 http://dl.acm.org/citation.cfm?doid=2667239.2667287},
    address = {New York, New York, USA},
    isbn = {9781450307253},
    doi = {10.1145/2667239.2667287},
    keywords = {Author Keywords Wizard of Oz, Autonomous Driving, Driving Simulation, HCI), Human-Vehicle Interaction, Miscellaneous, Wizard of Oz}
}

@article{Ferguson,
    title = {{The rise and fall of the American carpool: 1970–1990}},
    year = {1997},
    author = {Ferguson, Erik},
    keywords = {carpools, education, family income, fuel economy, gasoline prices, vehicle availability}
}

@article{Lewis,
    title = {{The Role of Trust in Human-Robot Interaction}},
    author = {Lewis, Michael; and Katia, Sycara and Walker, Philip},
    keywords = {antecedents, b2b, business to business, buyer-, buying process, consequences, organizational, personal, trust}
}

@article{Baltodano2015,
    title = {{The RRADS Platform : A Real Road Autonomous Driving Simulator}},
    year = {2015},
    journal = {AutomotiveUI '15},
    author = {Baltodano, Sonia and Sibi, Srinath and Martelaro, Nikolas and Gowda, Nikhil and Ju, Wendy},
    pages = {281--288},
    volume = {7},
    isbn = {9781450333184},
    doi = {10.1145/2799250.2799288},
    keywords = {Author's kit, Conference Publications, Guides, instructions}
}

@article{Cassidy2010,
    title = {{The smoothing effect of carpool lanes on freeway bottlenecks}},
    year = {2010},
    journal = {Transportation Research Part A: Policy and Practice},
    author = {Cassidy, Michael J. and Jang, Kitae and Daganzo, Carlos F.},
    number = {2},
    month = {2},
    pages = {65--75},
    volume = {44},
    url = {http://linkinghub.elsevier.com/retrieve/pii/S0965856409001220},
    doi = {10.1016/j.tra.2009.11.002},
    issn = {09658564}
}

@book{Tobergte2013,
    title = {{The Sonification Handbook}},
    year = {2013},
    booktitle = {Journal of Chemical Information and Modeling},
    author = {Tobergte, David R. and Curtis, Shirley},
    number = {9},
    pages = {1689--1699},
    volume = {53},
    isbn = {9788578110796},
    doi = {10.1017/CBO9781107415324.004},
    issn = {1098-6596},
    pmid = {25246403},
    arxivId = {arXiv:1011.1669v3},
    keywords = {icle}
}

@book{Tobergte2013b,
    title = {{The Sonification Handbook}},
    year = {2013},
    booktitle = {Journal of Chemical Information and Modeling},
    author = {Tobergte, David R. and Curtis, Shirley and Hermann, Thomas and Hunt, Andy and Neuhoff, John G},
    number = {9},
    pages = {1689--1699},
    volume = {53},
    publisher = {Logos Verlag},
    isbn = {9788578110796},
    doi = {10.1017/CBO9781107415324.004},
    issn = {1098-6596},
    pmid = {25246403},
    arxivId = {arXiv:1011.1669v3},
    keywords = {icle}
}

@book{Tobergte2013c,
    title = {{The Sonification Handbook}},
    year = {2013},
    booktitle = {Journal of Chemical Information and Modeling},
    author = {Tobergte, David R. and Curtis, Shirley and Hermann, Thomas and Hunt, Andy and Neuhoff, John G},
    number = {9},
    pages = {1689--1699},
    volume = {53},
    publisher = {Logos Verlag},
    isbn = {9788578110796},
    doi = {10.1017/CBO9781107415324.004},
    issn = {1098-6596},
    pmid = {25246403},
    arxivId = {arXiv:1011.1669v3},
    keywords = {icle}
}

@article{Walker2011,
    title = {{Theory of Sonification}},
    year = {2011},
    journal = {Principles of Sonification: An Introduction to Auditory Display and Sonification},
    author = {Walker, Bruce and Nees, Michael},
    pages = {1--32},
    url = {http://sonify.psych.gatech.edu/publications/pdfs/2006preprint-WalkerNees-SonificationChapter_v09.pdf},
    isbn = {9783832528195}
}

@article{Walker2011b,
    title = {{Theory of Sonification}},
    year = {2011},
    journal = {Principles of Sonification: An Introduction to Auditory Display and Sonification},
    author = {Walker, Bruce and Nees, Michael},
    pages = {1--32},
    url = {http://sonify.psych.gatech.edu/publications/pdfs/2006preprint-WalkerNees-SonificationChapter_v09.pdf},
    isbn = {9783832528195}
}

@inproceedings{Rodel2014,
    title = {{Towards Autonomous Cars}},
    year = {2014},
    booktitle = {Proceedings of the 6th International Conference on Automotive User Interfaces and Interactive Vehicular Applications - AutomotiveUI '14},
    author = {R{\"{o}}del, Christina and Stadler, Susanne and Meschtscherjakov, Alexander and Tscheligi, Manfred},
    pages = {1--8},
    publisher = {ACM Press},
    url = {http://dl.acm.org/citation.cfm?doid=2667317.2667330},
    address = {New York, New York, USA},
    isbn = {9781450332125},
    doi = {10.1145/2667317.2667330},
    keywords = {Autonomous driving, acceptance, user experience}
}

@article{Rodel,
    title = {{Towards Autonomous Cars: The Effect of Autonomy Levels on Acceptance and User Experience}},
    year = {2014},
    author = {R{\"{o}}del, Christina and Stadler, Susanne and Meschtscherjakov, Alexander and Tscheligi, Manfred},
    doi = {10.1145/2667317.2667330},
    keywords = {Autonomous driving, acceptance, user experience}
}

@article{Chien2014,
    title = {{Towards the Development of an Inter-cultural Scale}},
    year = {2014},
    author = {Chien, Shih-yi and Semnani-azad, Zhaleh and Lewis, Michael and Sycara, Katia},
    pages = {35--46},
    keywords = {automation, culture, hci, human com-, human factors, puter interaction, technology adoption, trust}
}

@article{Lee2004,
    title = {{Trust in Automation: Designing for Appropriate Reliance}},
    year = {2004},
    journal = {Human Factors: The Journal of the Human Factors and Ergonomics Society},
    author = {Lee, J. D. and See, K. A.},
    number = {1},
    pages = {50--80},
    volume = {46},
    url = {http://hfs.sagepub.com/cgi/doi/10.1518/hfes.46.1.50_30392},
    isbn = {00187208 (ISSN)},
    doi = {10.1518/hfes.46.1.50{\_}30392},
    issn = {0018-7208},
    pmid = {15151155},
    keywords = {agent, automation, complacency, confidence, credibility, reliability, reliance, technology}
}

@article{Rempel1985,
    title = {{Trust in close relationships scale}},
    year = {1985},
    journal = {Journal of Personality and Social Psychology},
    author = {Rempel, J.K. and Holmes, J.G. and Zanna, M.P.},
    number = {1},
    pages = {95--112},
    volume = {49},
    isbn = {0022-3514{\textbackslash}n1939-1315},
    doi = {10.1037/0022-3514.49.1.95},
    issn = {0022-3514}
}

@article{Verberne2015,
    title = {{Trusting a Virtual Driver That Looks, Acts, and Thinks Like You}},
    year = {2015},
    journal = {Human Factors},
    author = {Verberne, Frank M F and Ham, Jaap and Midden, Cees J H},
    number = {5},
    month = {4},
    pages = {895--909},
    volume = {57},
    publisher = {SAGE Publications Inc},
    url = {https://doi.org/10.1177/0018720815580749},
    doi = {10.1177/0018720815580749},
    issn = {0018-7208}
}

@article{SAEinternational2016,
    title = {{U.S. Department of Transportation’s New Policy on Automated Vehicles Adopts SAE International’s Levels of Automation for Defining Driving Automation in On-Road Motor Vehicles}},
    year = {2016},
    journal = {SAE international},
    author = {{SAE international}},
    pages = {1},
    url = {https://www.sae.org/news/3544/},
    isbn = {1999010892},
    doi = {P141661},
    keywords = {Vehicle networking}
}

@article{Diels,
    title = {{User Interface Considerations to Prevent Self-Driving Carsickness}},
    author = {Diels, Cyriel and Bos, Jelte E},
    url = {http://dx.doi.org/10.1145/2809730.2809754},
    doi = {10.1145/2809730.2809754},
    keywords = {Artificial, Author Keywords Vehicle Automation, Autonomous vehicles, Carsickness, Computer-related health issues, Design, Displays, Ergonomics, H51, H52 User Interfaces, Human factors, I29 Robotics, K41 Public Policy Issues, Motion sickness, Multimedia Information Systems, Sensory conflict, User-centered design, and virtual realities, augmented}
}

@article{Exploratory2013,
    title = {{Utilizing Various Data Sources for Surface Transportation Human Factors Research}},
    year = {2013},
    journal = {The Exploratory Advanced Research Program},
    author = {{U.S Departement of Transportation}}
}

@article{Litman2008,
    title = {{Valuing Transit Service Quality Improvements}},
    year = {2008},
    author = {Litman, T},
    number = {2},
    pages = {43--64},
    volume = {11}
}

@article{Langlois2016,
    title = {{Virtual Head-up Displays for Augmented Reality in Cars}},
    year = {2016},
    journal = {Proceedings of the European Conference on Cognitive Ergonomics - ECCE '16},
    author = {Langlois, Sabine and That, Thomas NGuyen and Mermillod, Pierre},
    pages = {1--8},
    isbn = {9781450342445},
    doi = {10.1145/2970930.2970946},
    keywords = {augmented reality, automotive head-up display, depth perception, human machine interface, simulation, virtual environment}
}

@article{Langlois,
    title = {{Virtual Head-up Displays for Augmented Reality in Cars: a User Testing to Validate the Congruence}},
    author = {Langlois, Sabine and That, Thomas Nguyen and Mermillod, Pierre},
    doi = {10.1145/2970930.2970946},
    keywords = {augmented reality, depth perception, distance warning, human machine interface, simulation, virtual environment}
}

@article{Francoise2014,
    title = {{Vocalizing dance movement for interactive sonification of laban effort factors}},
    year = {2014},
    journal = {Proceedings of the 2014 conference on Designing interactive systems - DIS '14},
    author = {Fran{\c{c}}oise, Jules and Fdili Alaoui, Sarah and Schiphorst, Thecla and Bevilacqua, Frederic},
    pages = {1079--1082},
    url = {http://doi.acm.org/10.1145/2598510.2598582%5Cnhttp://dl.acm.org/citation.cfm?doid=2598510.2598582},
    isbn = {9781450329026},
    doi = {10.1145/2598510.2598582},
    keywords = {dance, effort factors, interactive sonification, laban movement analysis, motion-sound mapping, movement qualities, multimodal, vocalization}
}

@misc{LeapMotion2015,
    title = {{VR Best Practices Guidelines}},
    year = {2015},
    author = {{Leap Motion}},
    url = {https://developer.leapmotion.com/vr-best-practices}
}

@article{Goedicke2018,
    title = {{VR-OOM : Virtual Reality On-rOad driving siMulation}},
    year = {2018},
    author = {Goedicke, David and Li, Jamy and Evers, Vanessa and Ju, Wendy},
    pages = {1--11},
    isbn = {9781450356206},
    doi = {10.1145/3173574.3173739}
}

@misc{Noessel2013,
    title = {{What Sci-Fi Tells Interaction Designers about Gestural Interfaces}},
    year = {2013},
    booktitle = {Smashing Magazine},
    author = {Noessel, Chris},
    url = {http://www.smashingmagazine.com/2013/03/01/sci-fi-interaction-designers-gestural-interfaces/}
}

@article{Beattie,
    title = {{What's Around the Corner? Enhancing Driver Awareness in Autonomous Vehicles via In-Vehicle Spatial Auditory Displays}},
    year = {2014},
    author = {Beattie, David and Baillie, Lynne and Halvey, Martin and McCall, Rod and Roderickmccall, Luxembourg},
    doi = {10.1145/2639189.2641206},
    keywords = {Author Keywords Autonomous vehicles, audio, auditory non-speech feedback, driver awareness, evaluation/methodology, in-vehicle spatial auditory displays}
}

@article{Koo2015,
    title = {{Why did my car just do that? Explaining semi-autonomous driving actions to improve driver understanding, trust, and performance}},
    year = {2015},
    journal = {International Journal on Interactive Design and Manufacturing},
    author = {Koo, Jeamin and Kwac, Jungsuk and Ju, Wendy and Steinert, Martin and Leifer, Larry and Nass, Clifford},
    number = {4},
    pages = {269--275},
    volume = {9},
    publisher = {Springer Paris},
    url = {http://dx.doi.org/10.1007/s12008-014-0227-2},
    isbn = {1955-2513},
    doi = {10.1007/s12008-014-0227-2},
    issn = {19552505},
    keywords = {Car???driver interaction, Feedforward alerts, Semi-autonomous driving}
}

@article{McCall,
    title = {{Workshop on Situational Awareness in Semi-­ Automated Vehicles}},
    author = {McCall, Rod and Baumann, Martin and Politis, Ioannis and Sadeghian, Shadan and Alvarez, Ignacio and Mirnig, Alexander and Meschtscherjakov, Alexander and Chuang, Lewis and Terken, Jacques},
    doi = {10.1145/3004323.3005688},
    keywords = {Author Keywords Context Awareness, Automated Driving, HCI), Miscellaneous, Situational Awareness}
}

@article{Yagoda2012,
    title = {{You Want Me to Trust a ROBOT? The Development of a Human-Robot Interaction Trust Scale}},
    year = {2012},
    journal = {International Journal of Social Robotics},
    author = {Yagoda, Rosemarie E. and Gillan, Douglas J.},
    number = {3},
    pages = {235--248},
    volume = {4},
    isbn = {1875-4791},
    doi = {10.1007/s12369-012-0144-0},
    issn = {18754791},
    keywords = {Human-robot interaction, Scale development, Trust}
}

@misc{Petermann-Stock2015,
    title = {{„Bitte {\"{u}}bernehmen Sie das Fahren!“ : ein multimodaler Vergleich von {\"{U}}bernahmestrategien}},
    year = {2015},
    booktitle = {Automatisierungssysteme, Assistenzsysteme und eingebettete Systeme f{\"{u}}r Transportmittel, 16. Braunschweiger Symposium},
    author = {Petermann-Stock, Ina and Hackenberg, Linn and Muhr, Tobias and Josten, Johanna and Eckstein, Lutz},
    pages = {345--369},
    publisher = {ITS Niedersachsen e.V.},
    url = {http://publications.rwth-aachen.de/record/464751},
    address = {Braunschweig, Germany},
    language = {German}
}

@article{Ren20133DGesture,
    title = {{3D selection with freehand gesture}},
    year = {2013},
    journal = {Computers {\&} Graphics},
    author = {Ren, Gang and O'Neill, Eamonn},
    number = {3},
    month = {5},
    pages = {101--120},
    volume = {37},
    url = {http://www.sciencedirect.com/science/article/pii/S0097849312001823},
    doi = {10.1016/j.cag.2012.12.006},
    issn = {00978493},
    keywords = {3D selection, Freehand gesture, Marking menu}
}

@article{Bowman20143DInterfaces,
    title = {{3D User Interfaces}},
    year = {2014},
    journal = {The Encyclopedia of Human-Computer Interaction, 2nd Ed.},
    author = {Bowman, Doug A.},
    publisher = {The Interaction Design Foundation},
    url = {https://www.interaction-design.org/encyclopedia/3d_user_interfaces.html},
    isbn = {978-87-92964-00-7}
}

@article{Mader2014ATechnology,
    title = {{A Design Process for Creative Technology}},
    year = {2014},
    journal = {Proceedings of the 16th International Conference on Engineering and Product Design Education; University of Twente},
    author = {Mader, A and Eggink, W},
    number = {September},
    pages = {1--6},
    isbn = {9781904670568},
    keywords = {creativity, design methods, design process, new media, smart technology}
}

@article{Cuccurullo2012AMetaphors,
    title = {{A gestural approach to presentation exploiting motion capture metaphors}},
    year = {2012},
    journal = {Proceedings of the International Working Conference on Advanced Visual Interfaces - AVI '12},
    author = {Cuccurullo, Stefania and Francese, Rita and Murad, Sharefa and Passero, Ignazio and Tucci, Maurizio},
    pages = {148},
    url = {http://dl.acm.org/citation.cfm?doid=2254556.2254584},
    isbn = {9781450312875},
    doi = {10.1145/2254556.2254584}
}

@inproceedings{GangQian2004ASystem,
    title = {{A gesture-driven multimodal interactive dance system}},
    year = {2004},
    booktitle = {2004 IEEE International Conference on Multimedia and Expo (ICME) (IEEE Cat. No.04TH8763)},
    author = {Gang Qian, Gang and Feng Guo, Feng and Ingalls, T. and Olson, L. and James, J. and Rikakis, T.},
    pages = {1579--1582},
    volume = {3},
    publisher = {IEEE},
    url = {http://ieeexplore.ieee.org/lpdocs/epic03/wrapper.htm?arnumber=1394550},
    isbn = {0-7803-8603-5},
    doi = {10.1109/ICME.2004.1394550},
    keywords = {3D marker coordinates, Arm, Art, Engines, Feature extraction, Humans, Interactive systems, Leg, Real time systems, Space technology, Torso, gesture recognition, gesture recognition engine, gesture-driven dance system, humanities, interactive systems, marker-based motion capture system, multimedia systems, multimodal feedback engine, multimodal interactive dance system, real-time system, real-time systems}
}

@article{Brown2004AImmersion,
    title = {{A grounded investigation of game immersion}},
    year = {2004},
    journal = {CHI '04 extended abstracts on Human factors in computing systems},
    author = {Brown, Emily and Cairns, Paul},
    pages = {1297--1300},
    volume = {Vienna, Au},
    url = {http://doi.acm.org/10.1145/985921.986048},
    isbn = {1-58113-703-6},
    doi = {10.1145/985921.986048},
    issn = {1581137036},
    keywords = {barrier, engagement, engrossment, flow, games, immersion}
}

@article{Nielsen2004AHCI,
    title = {{A procedure for developing intuitive and ergonomic gesture interfaces for HCI}},
    year = {2004},
    journal = {Gesture-Based Communication in Human-Computer Interaction},
    author = {Nielsen, Michael and St{\"{o}}rring, Moritz and Moeslund, Thomas B. and Granum, Erik},
    pages = {409--420},
    url = {http://link.springer.com/chapter/10.1007/978-3-540-24598-8_38},
    isbn = {9783540210726},
    doi = {10.1007/978-3-540-24598-8{\_}38},
    issn = {03029743}
}

@article{Lim2013AInterface,
    title = {{A Study on the Usability Testing of Gesture Tracking-Based Natural User Interface}},
    year = {2013},
    journal = {HCI International 2013 - Posters’ Extended Abstracts},
    author = {Lim, C J and Jung, Y G},
    pages = {139--143}
}

@article{Feenstra2011AAirsickness,
    title = {{A visual display enhancing comfort by counteracting airsickness}},
    year = {2011},
    journal = {Displays},
    author = {Feenstra, P. J. and Bos, J. E. and Van Gent, R. N.H.W.},
    number = {4},
    pages = {194--200},
    volume = {32},
    publisher = {Elsevier B.V.},
    url = {http://dx.doi.org/10.1016/j.displa.2010.11.002},
    doi = {10.1016/j.displa.2010.11.002},
    issn = {01419382},
    keywords = {Airsickness, Anticipation, Artificial horizon, Comfort, Motion sickness, Vision}
}

@article{Bokare2017Acceleration-DecelerationTypes,
    title = {{Acceleration-Deceleration Behaviour of Various Vehicle Types}},
    year = {2017},
    journal = {Transportation Research Procedia},
    author = {Bokare, P. S. and Maurya, A. K.},
    pages = {4737--4753},
    volume = {25},
    publisher = {Elsevier B.V.},
    url = {http://dx.doi.org/10.1016/j.trpro.2017.05.486},
    isbn = {9788599141038},
    doi = {10.1016/j.trpro.2017.05.486},
    issn = {23521465},
    pmid = {19963286},
    arxivId = {arXiv:1011.1669v3},
    keywords = {Acceleration, Deceleration, Dual Regime Models, Statistical Modelling}
}

@article{HeAccelerometerSVM,
    title = {{Accelerometer Based Gesture Recognition Using Fusion Features and SVM}},
    author = {He, Zhenyu},
    doi = {10.4304/jsw.6.6.1042-1049},
    keywords = {Index Terms—Gesture recognition, Tri-axial accelerometer, fusion features, human computer interaction, short-time energy}
}

@article{Sharp2015AccurateTracking,
    title = {{Accurate, Robust, and Flexible Real-time Hand Tracking}},
    year = {2015},
    journal = {CHI ’15},
    author = {Sharp, Toby and Keskin, Cem and Robertson, Duncan and Taylor, Jonathan and Shotton, Jamie and Kim, David and Rhemann, Christoph and Leichter, Ido and Vinnikov, Alon and Wei, Yichen and Freedman, Daniel and Kohli, Pushmeet and Krupka, Eyal and Fitzgibbon, Andrew and Izadi, Shahram},
    isbn = {9781450331456},
    doi = {10.1145/2702123.2702179}
}

@article{Marshall2007AlertsAppropriateness,
    title = {{Alerts for In-Vehicle Information Systems: Annoyance, Urgency, and Appropriateness}},
    year = {2007},
    journal = {Human Factors: The Journal of the Human Factors and Ergonomics Society},
    author = {Marshall, Dawn C. and Lee, John D. and Austria, P. Albert},
    number = {1},
    pages = {145--157},
    volume = {49},
    url = {http://journals.sagepub.com/doi/10.1518/001872007779598145},
    isbn = {00187208 (ISSN)},
    doi = {10.1518/001872007779598145},
    issn = {0018-7208},
    pmid = {17315851},
    keywords = {COLLISION WARNING, TELEMATICS, WARNINGS}
}

@misc{TheIndependentAllStudy,
    title = {{All the signs you're a back-seat driver, according to study}},
    author = {{The Independent}},
    url = {https://www.independent.co.uk/news/uk/home-news/backseat-driver-what-car-driving-passengers-road-rage-a8386096.html}
}

@misc{AlternativesCommunity,
    title = {{Alternatives to Interaction Box Coordinates? - Development - Leap Motion Community}},
    url = {https://community.leapmotion.com/t/alternatives-to-interaction-box-coordinates/2746}
}

@misc{American_Studies_Thesis_Guide.Pdf,
    title = {{American{\_}Studies{\_}Thesis{\_}Guide.Pdf}}
}

@article{Eckoldt2012AnSystems,
    title = {{An Experiential Perspective on Advanced Driver Assistance Systems}},
    year = {2012},
    journal = {it - Information Technology},
    author = {Eckoldt, Kai and Knobel, Martin and Hassenzahl, Marc and Schumann, Josef},
    number = {4},
    pages = {165--171},
    volume = {54},
    doi = {10.1524/itit.2012.0678},
    issn = {1611-2776},
    keywords = {5, driver assistance system, experiental view, h, information interfaces and presentation, information systems, m, miscellaneous, qualitative studie, schlagw{\"{o}}rter fahrerassistenzsystem, supervisory control}
}

@article{Boone2012AnalyzingData,
    title = {{Analyzing Likert data}},
    year = {2012},
    journal = {Journal of Extension},
    author = {Boone, Harry N. Jr. and Boone, Deborah A.},
    number = {2},
    pages = {30},
    volume = {50},
    url = {http://ezproxy.lib.ed.ac.uk},
    isbn = {0308-0110 (Print)},
    doi = {10.1111/j.1365-2929.2004.02012.x},
    issn = {10775315},
    pmid = {15566531},
    arxivId = {Virginia University, Morgan town, West Virginia}
}

@misc{AntistaticBags,
    title = {{Antistatic Bags {\&}amp; Conductive Bags}},
    url = {http://www.packagingknowledge.com/Anti_Static_Bags.asp}
}

@misc{Levine2009AutomatedMatching,
    title = {{Automated carpool matching}},
    year = {2009},
    author = {Levine, Uri},
    url = {https://www.google.com/patents/US20100280884}
}

@book{Wordenweber2007AutomotiveVision,
    title = {{Automotive lighting and human vision}},
    year = {2007},
    booktitle = {Automotive Lighting and Human Vision},
    author = {W{\"{o}}rdenweber, Burkard and Wallaschek, Jörg and Boyce, Peter and Hoffman, Donald},
    pages = {1--409},
    isbn = {9783540366966},
    doi = {10.1007/978-3-540-36697-3}
}

@article{Rivera2016AutonomousHMIs,
    title = {{Autonomous HMI Made Easy : Prototyping Reactive In-cabin Aware HMIs}},
    year = {2016},
    journal = {Adjunct Proceedings of the 8th International Conference on Automotive User Interfaces and Interactive Vehicular Application},
    author = {Rivera, Victor Palacios and Rumbel, Laura and Alvarez, Ignacio},
    pages = {1--7},
    isbn = {9781450346542},
    doi = {10.1145/3004323.3004353}
}

@article{Litman2014AutonomousPlanning,
    title = {{Autonomous Vehicle Implementation Predictions: Implications for Transport Planning}},
    year = {2014},
    journal = {Transportation Research Board Annual Meeting},
    author = {Litman, Todd},
    number = {2014},
    pages = {36--42},
    isbn = {0-7803-3213-X},
    doi = {10.1613/jair.301},
    issn = {10769757},
    pmid = {17255001},
    arxivId = {cs/9605103}
}

@techreport{Jones2013AutonomousReport,
    title = {{Autonomous Vehicle Report}},
    year = {2013},
    booktitle = {Florida Highway Safety and Motor Vehicles},
    author = {Jones, Julie L.},
    pages = {79}
}

@techreport{Carter2018Back2018,
    title = {{Back Seat Driver Survey Results 2018}},
    year = {2018},
    booktitle = {Accident Advice Helpline},
    author = {Carter, David},
    pages = {1--32},
    url = {https://www.accidentadvicehelpline.co.uk/blog/are-you-a-backseat-driver/}
}

@article{Djajadiningrat2002ButHow,
    title = {{But how, Donald, tell us how?}},
    year = {2002},
    journal = {Proceedings of the conference on Designing interactive systems processes, practices, methods, and techniques - DIS '02},
    author = {Djajadiningrat, Tom and Overbeeke, Kees and Wensveen, Stephan},
    pages = {285},
    url = {http://portal.acm.org/citation.cfm?doid=778712.778752},
    isbn = {1581135157},
    doi = {10.1145/778712.778752}
}

@misc{2016Channel:Wearables,
    title = {{Channel: Technology Wearables}},
    year = {2016},
    booktitle = {Instructables},
    url = {http://www.instructables.com/tag/type-id/category-technology/channel-wearables/}
}

@article{Baudel1993Charade:Gestures,
    title = {{Charade: remote control of objects using free-hand gestures}},
    year = {1993},
    journal = {Communications of the ACM},
    author = {Baudel, Thomas and Beaudouin-Lafon, Michel},
    number = {7},
    month = {7},
    pages = {28--35},
    volume = {36},
    publisher = {ACM},
    url = {http://dl.acm.org/citation.cfm?id=159544.159562},
    doi = {10.1145/159544.159562},
    issn = {00010782},
    keywords = {augmented reality, hand gesture input, interaction model, remote control}
}

@misc{MichaelWeaver2008CombinedUtensil,
    title = {{Combined spoon and chop sticks eating utensil}},
    year = {2008},
    author = {{Michael Weaver}}
}

@article{Pearson2009ComfortReview,
    title = {{Comfort and its measurement A literature review}},
    year = {2009},
    journal = {Disability and Rehabilitation: Assistive Technology},
    author = {Pearson, Elizabeth Jane M.},
    number = {5},
    pages = {301--310},
    volume = {4},
    isbn = {1748-3115 (Electronic){\textbackslash}r1748-3107 (Linking)},
    doi = {10.1080/17483100902980950},
    issn = {17483107},
    pmid = {19565373},
    keywords = {Allied health, Comfort, Ergonomics, Interventions, Outcome measure, Subjective, Therapy}
}

@article{Razza2009CompostableApproach,
    title = {{Compostable cutlery and waste management: An LCA approach}},
    year = {2009},
    journal = {Waste Management},
    author = {Razza, Francesco and Fieschi, Maurizio and Innocenti, Francesco Degli and Bastioli, Catia},
    number = {4},
    pages = {1424--1433},
    volume = {29},
    isbn = {0956-053X (Print){\textbackslash}r0956-053X (Linking)},
    doi = {10.1016/j.wasman.2008.08.021},
    issn = {0956053X},
    pmid = {18952413}
}

@misc{ConvertPanorama,
    title = {{Convert Panorama}},
    url = {http://gonchar.me/panorama/},
    keywords = {Sergey Gonchar}
}

@article{Singh2015CriticalSurvey,
    title = {{Critical reasons for crashes investigated in the National Motor Vehicle Crash Causation Survey}},
    year = {2015},
    journal = {National Highway Traffic Safety Administration},
    author = {Singh, Santokh},
    number = {February},
    pages = {1--2},
    isbn = {9767071113},
    pmid = {1557283}
}

@article{Vermeulen2013CrossingExecution,
    title = {{Crossing the bridge over norman's gulf of execution}},
    year = {2013},
    journal = {Proceedings of the SIGCHI Conference on Human Factors in Computing Systems - CHI '13},
    author = {Vermeulen, Jo and Luyten, Kris and van den Hoven, Elise and Coninx, Karin},
    pages = {1931},
    url = {http://dl.acm.org/citation.cfm?doid=2470654.2466255},
    isbn = {9781450318990},
    doi = {10.1145/2470654.2466255},
    keywords = {ABSTRACTFeedback and affordances are two of the m, affordances, design, feedback, theory}
}

@misc{DanceDesign,
    title = {{Dance Costume Design}},
    booktitle = {Victoria and Albert Museum},
    url = {http://www.vam.ac.uk/content/articles/d/dance-costume-design/}
}

@article{Delamare2016DesigningOptions,
    title = {{Designing 3D Gesture Guidance : Visual Feedback and Feedforward Design Options}},
    year = {2016},
    journal = {Proceedings of the International Working Conference on Advanced Visual Interfaces - AVI '16},
    author = {Delamare, William and Janssoone, Thomas and Coutrix, Céline and Nigay, Laurence and Grenoble, F- and Delamare, William and Coutrix, Celine and Nigay, Laurence},
    pages = {152--159},
    isbn = {9781450341318},
    doi = {10.1145/2909132.2909260}
}

@book{Radtke1974DieMorgen,
    title = {{Die Zukunft - Das Bild der Welt von morgen}},
    year = {1974},
    author = {Radtke, Günther and Schippke, Ulrich},
    pages = {84},
    url = {http://klausbuergle.de/radtke_zukunft.htm}
}

@article{TekinDirectSequences,
    title = {{Direct Prediction of 3D Body Poses from Motion Compensated Sequences}},
    author = {Tekin, Bugra and Rozantsev, Artem and Lepetit, Vincent and Fua, Pascal}
}

@article{Field2013DiscoveringSPSS,
    title = {{Discovering Statistics Using IBM SPSS}},
    year = {2013},
    journal = {Discovering Statistics Using SPSS},
    author = {Field, A.},
    pages = {163--212},
    isbn = {9781847879066},
    doi = {10.1234/12345678},
    issn = {18703453},
    pmid = {14199369},
    arxivId = {arXiv:1210.1833v2}
}

@book{Field2012DiscoveringR,
    title = {{Discovering statistics using R}},
    year = {2012},
    author = {Field, ZF Andy and Miles, J},
    isbn = {978-1-4462-0046-9}
}

@misc{Silvia2009DoPreference,
    title = {{Do People Prefer Curved Objects? Angularity, Expertise, and Aesthetic Preference}},
    year = {2009},
    booktitle = {Empirical Studies of the Arts},
    author = {Silvia, Paul J. and Barona, Christopher M.},
    number = {1},
    volume = {27},
    doi = {10.2190/EM.27.1.b},
    issn = {0276-2374}
}

@article{Piqueras-Fiszman2011DoStudy,
    title = {{Do The Material Properties Of Cutlery Affect The Perception Of The Food You Eat? An Exploratory Study}},
    year = {2011},
    journal = {Journal of Sensory Studies},
    author = {Piqueras-Fiszman, Betina and Spence, Charles},
    number = {5},
    pages = {358--362},
    volume = {26},
    isbn = {3496363630},
    doi = {10.1111/j.1745-459X.2011.00351.x},
    issn = {08878250}
}

@article{Brill2014DoesQuestion,
    title = {{Does lightness obey a log or a power law? or is that the right question?}},
    year = {2014},
    journal = {Color Research and Application},
    author = {Brill, Michael H. and Carter, Robert C.},
    number = {1},
    pages = {99--101},
    volume = {39},
    doi = {10.1002/col.21777},
    issn = {03612317},
    keywords = {constancy, just-noticeable difference, lightness, logarithm, power law}
}

@misc{Waymo2018DriverlessApplication,
    title = {{Driverless Autonomous Vehicle Tester Program Application}},
    year = {2018},
    author = {{Waymo}},
    url = {http://www.documentcloud.org/documents/4458000-Waymo-Driverless-AV-Application.html}
}

@article{Webber2009EatingChildren.,
    title = {{Eating behaviour and weight in children.}},
    year = {2009},
    journal = {International journal of obesity (2005)},
    author = {Webber, L and Hill, C and Saxton, J and Van Jaarsveld, C H M and Wardle, J},
    number = {1},
    pages = {21--28},
    volume = {33},
    isbn = {0307-0565{\textbackslash}r1476-5497},
    doi = {10.1038/ijo.2008.219},
    issn = {1476-5497},
    pmid = {19002146},
    keywords = {adiposity, appetite, bmi, hunger, satiety}
}

@misc{EinenGenerator,
    title = {{Einen zuf{\"{a}}lligen Namen generieren - Weiblich, Chinesisch, Niederlande - Fake Name Generator}},
    url = {http://de.fakenamegenerator.com/gen-female-ch-nl.php},
    keywords = {credit card, fake, generator, identity, name generator, random, social security number}
}

@article{Wittenburg2006ELAN:Research,
    title = {{ELAN: A professional framework for multimodality research}},
    year = {2006},
    journal = {Proceedings of the Fifth International Conference on Language Resources and Evaluation (LREC)},
    author = {Wittenburg, Peter and Brugman, Hennie and Russel, Albert and Klassmann, Alex and Sloetjes, Han},
    pages = {1556--1559},
    doi = {10.3758/BRM.41.3.591}
}

@misc{Norman2002EmotionBetter,
    title = {{Emotion {\&} design: attractive things work better}},
    year = {2002},
    booktitle = {interactions},
    author = {Norman, Don},
    number = {4},
    pages = {36--42},
    volume = {9},
    issn = {10725520}
}

@article{Haywood2007EngagementExhibit,
    title = {{Engagement with an interactive museum exhibit}},
    year = {2007},
    journal = {People and Computers XIX — The Bigger Picture},
    author = {Haywood, N. and Cairns, P.},
    pages = {31--32},
    url = {http://dx.doi.org/10.1007/1-84628-249-7},
    isbn = {184628192X},
    doi = {10.1007/1-84628-249-7},
    keywords = {co-presence, immersion, interactive exhibit, learning, narrative}
}

@article{Details2012EquivalenceProportions,
    title = {{Equivalence Tests for the Difference Between Two Proportions}},
    year = {2012},
    author = {Details, Technical},
    pages = {1--26}
}

@misc{ExamplesDevelopers,
    title = {{Examples Gallery | Leap Motion Developers}},
    url = {https://developer.leapmotion.com/gallery/tags/example,unity3d/order/updated_at}
}

@article{Camurri2000EyesWeb:Systems,
    title = {{EyesWeb: Toward Gesture and Affect Recognition in Interactive Dance and Music Systems}},
    year = {2000},
    journal = {Computer Music Journal},
    author = {Camurri, Antonio and Hashimoto, Shuji and Ricchetti, Matteo and Ricci, Andrea and Suzuki, Kenji and Trocca, Riccardo and Volpe, Gualtiero},
    number = {1},
    month = {3},
    pages = {57--69},
    volume = {24},
    url = {http://www.mitpressjournals.org/doi/abs/10.1162/014892600559182},
    doi = {10.1162/014892600559182},
    issn = {0148-9267}
}

@article{Windhager2008FaceDesigns,
    title = {{Face to face : ttthe perception of automotive designs}},
    year = {2008},
    journal = {Human Nature},
    author = {Windhager, Sonja and Slice, Dennis E. and Schaefer, Katrin and Oberzaucher, Elisabeth and Thorstensen, Truls and Grammer, Karl},
    number = {4},
    pages = {331--346},
    volume = {19},
    isbn = {10456767},
    doi = {10.1007/s12110-008-9047-z},
    issn = {10456767},
    keywords = {Automobiles, Faces, Geometric morphometrics, Human perception, Maturity, Trait allocation}
}

@article{Perchonok2009FacilitatingLiterature,
    title = {{Facilitating Driver Interaction with a Robotic Driving Assistant: Some Insights from the Literature}},
    year = {2009},
    author = {Perchonok, Jennifer and Green, Paul},
    number = {June}
}

@misc{Mui2011FiveJobs,
    title = {{Five Dangerous Lessons to Learn From Steve Jobs}},
    year = {2011},
    booktitle = {Forbes on Leadership},
    author = {Mui, Chunka},
    url = {http://www.forbes.com/sites/chunkamui/2011/10/17/five-dangerous-lessons-to-learn-from-steve-jobs/},
    keywords = {Apple, Bill Gates, Business, Eric Schmidt, Google, Jeff Goodell, Leadership, Nike, Rolling Stone, Steve Jobs, Steve Jurvetson, Tech, Thomas Pynchon, Tiger Woods, iPhone, iPod}
}

@misc{FordMotorCompany2017FordPeople,
    title = {{Ford, Virginia Tech Go Undercover to Develop Signals That Enable Autonomous Vehicles to Communicate with People}},
    year = {2017},
    author = {{Ford Motor Company}},
    url = {https://media.ford.com/content/fordmedia/fna/us/en/news/2017/09/13/ford-virginia-tech-autonomous-vehicle-human-testing.html}
}

@article{Danilova2012FovealCategories,
    title = {{Foveal color perception: Minimal thresholds at a boundary between perceptual categories}},
    year = {2012},
    journal = {Vision Research},
    author = {Danilova, M. V. and Mollon, J. D.},
    pages = {162--172},
    volume = {62},
    publisher = {Elsevier Ltd},
    url = {http://dx.doi.org/10.1016/j.visres.2012.04.006},
    doi = {10.1016/j.visres.2012.04.006},
    issn = {00426989},
    pmid = {22538222},
    keywords = {Categorical perception, Category boundary, Color appearance, Color category, Color discrimination, Color opponent channel, Unique hue}
}

@article{Garzotto2014FromApproach,
    title = {{From Desktop to Touchless Interfaces : A Model Based Approach}},
    year = {2014},
    journal = {AVI '14},
    author = {Garzotto, Franca and Gelsomini, Mirko and Mangano, Roberto and Oliveto, Luigi and Valoriani, Matteo and Milano, Politecnico},
    pages = {261--264},
    isbn = {9781450327756},
    doi = {10.1145/2598153.2598194},
    keywords = {based approach, design, kinect, large display, model-, motion-based interaction, touchless interaction, web engineering}
}

@article{Winkler2002FusingProduction,
    title = {{Fusing movement, sound, and video in Falling Up , an interactive dance/theatre production}},
    year = {2002},
    journal = {Proceedings of the 2002 conference on New interfaces for musical expression},
    author = {Winkler, Todd},
    pages = {1--2},
    publisher = {National University of Singapore},
    isbn = {1-87465365-8},
    keywords = {VNS, dance, movement sensor, very nervous system, video processing}
}

@article{Faul2007GPower:Sciences.,
    title = {{G*Power: A flexible statistical power analysis program for the social, behavioral, and biomedical sciences.}},
    year = {2007},
    journal = {Behavior Research Methods},
    author = {Faul, Franz and Erdfelder, Edgar and Lang, A.-G. and Buchner, Axel},
    number = {2},
    pages = {175--191},
    volume = {39},
    url = {http://www.gpower.hhu.de/},
    isbn = {1554-351X (Print){\textbackslash}n1554-351X (Linking)},
    doi = {10.3758/BF03193146},
    issn = {1554-351X},
    pmid = {17695343},
    arxivId = {arXiv:1011.1669v3}
}

@misc{GenerateGenerator,
    title = {{Generate fake users for your projects - Random Users Generator}},
    url = {http://www.designskilz.com/random-users/},
    keywords = {dummy personas, dummy users, fake personas, fake users, random user generator, random users, user generator}
}

@book{Camurri2003Gesture-BasedInteraction,
    title = {{Gesture-Based Communication in Human-Computer Interaction}},
    year = {2003},
    booktitle = {Gesture-Based Communication in Human-Computer Interaction},
    author = {Camurri, Antonio and Volpe, Gualtiero},
    editor = {Camurri, Antonio and Volpe, Gualtiero},
    pages = {571},
    series = {Lecture Notes in Computer Science},
    volume = {2915},
    publisher = {Springer Berlin Heidelberg},
    url = {http://link.springer.com/10.1007/b95740},
    address = {Berlin, Heidelberg}
}

@article{Chemnitz2014GuidelineThesis,
    title = {{Guideline for Writing Master thesis at the Department for Computer Engineering Faculty of Computer Science Guideline for Writing Master Thesis}},
    year = {2014},
    author = {Chemnitz, T U and Hardt, Prof Wolfram and Informatik, Professur Technische},
    number = {august}
}

@inproceedings{Marin2014HandDevices,
    title = {{Hand gesture recognition with leap motion and kinect devices}},
    shorttitle = {Image Processing (ICIP), 2014 IEEE International C},
    year = {2014},
    booktitle = {2014 IEEE International Conference on Image Processing (ICIP)},
    author = {Marin, Giulio and Dominio, Fabio and Zanuttigh, Pietro},
    month = {10},
    pages = {1565--1569},
    publisher = {IEEE},
    url = {http://ieeexplore.ieee.org/lpdocs/epic03/wrapper.htm?arnumber=7025313},
    isbn = {978-1-4799-5751-4},
    doi = {10.1109/ICIP.2014.7025313},
    keywords = {Accuracy, American manual alphabet, Data mining, Depth, Feature extraction, Gesture Recognition, Gesture recognition, Kinect, Kinect device, Leap Motion, Performance evaluation, SVM, Support vector machines, Three-dimensional displays, acquisition device, ad-hoc feature set, fingertip orientation, gesture recognition, hand gesture recognition scheme, hand pose, image classification, multiclass SVM classifier, palmprint recognition, support vector machine, support vector machines}
}

@misc{Satomi2016HOWWANT,
    title = {{HOW TO GET WHAT YOU WANT}},
    year = {2016},
    author = {Satomi, Mika and Perner-Wilson, Hannah},
    url = {http://www.kobakant.at/DIY/?cat=24}
}

@misc{McGill2017HowVR,
    title = {{How Visual Motion Cues Can Influence Sickness For In-Car VR}},
    year = {2017},
    booktitle = {Proceedings of the 2017 CHI Conference Extended Abstracts on Human Factors in Computing Systems  - CHI EA '17},
    author = {McGill, Mark and Ng, Alexander and Brewster, Stephen A.},
    pages = {469--469},
    url = {http://dl.acm.org/citation.cfm?doid=3027063.3049790},
    isbn = {9781450346566},
    doi = {10.1145/3027063.3049790}
}

@article{Pogosyan2017HowFaces,
    title = {{How We Read Emotions from Faces}},
    year = {2017},
    journal = {Frontiers for Young Minds},
    author = {Pogosyan, Marianna and Engelmann, Jan Benjamin},
    number = {May},
    volume = {5},
    url = {http://journal.frontiersin.org/article/10.3389/frym.2017.00011/full},
    doi = {10.3389/frym.2017.00011},
    issn = {2296-6846}
}

@techreport{VisionHuman,
    title = {{Human Vision What s Color ?}},
    author = {Vision, Computer},
    url = {https://people.cs.umass.edu/~elm/Teaching/ppt/691a/CV UNIT Light/691A_UNIT_Light_1.ppt.pdf}
}

@article{Law2000HumanEye,
    title = {{Human visual perception - topics Anatomy of the human eye Optical properties of the human eye}},
    year = {2000},
    journal = {Unknown},
    author = {Law, Weber-fechner},
    number = {2},
    pages = {1--14}
}

@article{Norman2005Human-centeredHarmful,
    title = {{Human-centered design considered harmful}},
    year = {2005},
    journal = {interactions},
    author = {Norman, Donald A.},
    number = {4},
    month = {7},
    pages = {14},
    volume = {12},
    publisher = {ACM},
    url = {http://dl.acm.org/ft_gateway.cfm?id=1070976&type=html},
    doi = {10.1145/1070960.1070976},
    issn = {10725520}
}

@article{McGill2017IPassenger,
    title = {{I Am The Passenger}},
    year = {2017},
    journal = {Proceedings of the 2017 CHI Conference on Human Factors in Computing Systems - CHI '17},
    author = {McGill, Mark and Ng, Alexander and Brewster, Stephen A.},
    pages = {5655--5668},
    url = {http://dl.acm.org/citation.cfm?doid=3025453.3026046},
    isbn = {9781450346559},
    doi = {10.1145/3025453.3026046},
    keywords = {automobile, autonomous car, hmd, in-car, in-motion, mixed reality, motion sickness, passenger, virtual reality}
}

@incollection{Huynh-The2015InteractiveRelation,
    title = {{Interactive Activity Recognition Using Articulated-Pose Features on Spatio-Temporal Relation}},
    year = {2015},
    author = {Huynh-The, Thien and Bui, Dinh-Mao and Lee, Sungyoung and Yoon, Yongik},
    pages = {345--351},
    publisher = {Springer Singapore},
    url = {http://link.springer.com/10.1007/978-981-10-0281-6_50},
    doi = {10.1007/978-981-10-0281-6{\_}50}
}

@article{Alaoui2015InteractiveQualities,
    title = {{Interactive Visuals as Metaphors for Dance Movement Qualities}},
    year = {2015},
    journal = {ACM Transactions on Interactive Intelligent Systems},
    author = {Alaoui, Sarah Fdili and Bevilacqua, Frederic and Jacquemin, Christian},
    number = {3},
    month = {9},
    pages = {1--24},
    volume = {5},
    url = {http://dl.acm.org/citation.cfm?doid=2821459.2738219},
    doi = {10.1145/2738219},
    issn = {21606455}
}

@misc{IntroductionGuidelines,
    title = {{Introduction - Material design - Google design guidelines}},
    url = {https://www.google.com/design/spec/material-design/introduction.html#}
}

@article{InvestigatingVehicle,
    title = {{Investigating the Importance of Trust on Adopting an Autonomous Vehicle}},
    doi = {http://dx.doi.org/10.1080/10447318.2015.1070549}
}

@article{Guillon2015InvestigatingTechniques,
    title = {{Investigating Visual Feedforward for Target Expansion Techniques}},
    year = {2015},
    journal = {Proceedings of the ACM CHI'15 Conference on Human Factors in Computing Systems},
    author = {Guillon, Maxime and Leitner, Fran&ccedil;ois and Nigay, Laurence},
    pages = {2777--2786},
    volume = {1},
    url = {http://dx.doi.org/10.1145/2702123.2702375},
    isbn = {9781450331456},
    doi = {10.1145/2702123.2702375}
}

@techreport{Jungwirth2017LeadershipGroup,
    title = {{Leadership in Mobility-as-a-Service ( MaaS ) Volkswagen Group}},
    year = {2017},
    author = {Jungwirth, Johann and {Volkswagen Group}}
}

@misc{Leap3D,
    title = {{Leap Motion App Store | Form and Function 3D}},
    url = {https://apps.leapmotion.com/apps/form-and-function-3d/osx}
}

@article{Bizzotto2014LeapSurgery.,
    title = {{Leap Motion Gesture Control With OsiriX in the Operating Room to Control Imaging: First Experiences During Live Surgery.}},
    year = {2014},
    journal = {Surgical innovation},
    author = {Bizzotto, Nicola and Costanzo, Alessandro and Bizzotto, Leonardo and Regis, Dario and Sandri, Andrea and Magnan, Bruno},
    pages = {2014--2015},
    url = {http://www.ncbi.nlm.nih.gov/pubmed/24742500},
    doi = {10.1177/1553350614528384},
    issn = {1553-3514},
    pmid = {24742500}
}

@book{UlrikaWanstromLindh2010LightBoundaries,
    title = {{Light Shapes Spaces, Experiences of Distribution of Light and Visual Spatial Boundaries}},
    year = {2010},
    booktitle = {University of Gothenburg},
    author = {{Ulrika Wanstrom Lindh}},
    number = {February},
    isbn = {9789197999328}
}

@misc{2015ListGestures,
    title = {{List of gestures}},
    year = {2015},
    booktitle = {Wikipedia},
    url = {http://en.wikipedia.org/wiki/List_of_gestures}
}

@misc{2015Listdance,
    title = {{List of mudras (dance)}},
    year = {2015},
    booktitle = {Wikipedia},
    url = {http://en.wikipedia.org/wiki/List_of_mudras_(dance)}
}

@misc{AbletonAG2016Live,
    title = {{Live}},
    year = {2016},
    author = {{Ableton AG}},
    url = {https://www.ableton.com/de/help/article/using-virtual-MIDI-buses-live/}
}

@article{Kuiper2018LookingCarsickness,
    title = {{Looking forward: In-vehicle auxiliary display positioning affects carsickness}},
    year = {2018},
    journal = {Applied Ergonomics},
    author = {Kuiper, Ouren X. and Bos, Jelte E. and Diels, Cyriel},
    number = {August 2017},
    pages = {169--175},
    volume = {68},
    doi = {10.1016/j.apergo.2017.11.002},
    issn = {18729126},
    keywords = {Autonomous vehicles, Displays, Motion sickness}
}

@article{Drossis2013MAGIC:Control,
    title = {{MAGIC: Developing a multimedia gallery supporting mid-air gesture-based interaction and control}},
    year = {2013},
    journal = {Communications in Computer and Information Science},
    author = {Drossis, Giannis and Grammenos, Dimitris and Birliraki, Chryssi and Stephanidis, Constantine},
    number = {PART I},
    pages = {303--307},
    volume = {373},
    isbn = {9783642394720},
    doi = {10.1007/978-3-642-39473-7{\_}61},
    issn = {18650929},
    keywords = {Hand tracking, Interaction Design, Interactive media gallery, Kinect, Public display, Touchless interaction}
}

@misc{MakingDesign,
    title = {{Making Material Design}},
    url = {https://www.youtube.com/watch?v=rrT6v5sOwJg&feature=youtu.be&t=4m14s},
    keywords = {Behind-the-scenes, Google, Google Design, material design}
}

@article{Baggaley2016ManyForWhiteness,
    title = {{Many Of The Eye’s Color-Sensing Cells Code For{\ldots}Whiteness}},
    year = {2016},
    journal = {Popular Science},
    author = {Baggaley, Kate},
    url = {https://www.popsci.com/many-eyes-color-sensing-cells-code-forwhiteness}
}

@book{Boyle2015MeasuresDimensions,
    title = {{Measures of Affect Dimensions}},
    year = {2015},
    booktitle = {Measures of Personality and Social Psychological Constructs},
    author = {Boyle, Gregory J. and Helmes, Edward and Matthews, Gerald and Izard, Carroll E.},
    number = {December},
    pages = {190--224},
    publisher = {Elsevier Inc.},
    url = {http://dx.doi.org/10.1016/B978-0-12-386915-9.00008-5},
    isbn = {9780123869586},
    doi = {10.1016/B978-0-12-386915-9.00008-5},
    keywords = {Affect dimensions, Arousability constructs, Emotional states, Measures, Mood states, Negative affect, Positive affect, Questionnaires, Situationally-sensitive, State-trait, Timeframe, Transient}
}

@inproceedings{Suzuki2000MIDAS:System,
    title = {{MIDAS: MIC Interactive DAnce System}},
    year = {2000},
    booktitle = {SMC 2000 Conference Proceedings. 2000 IEEE International Conference on Systems, Man and Cybernetics. 'Cybernetics Evolving to Systems, Humans, Organizations, and their Complex Interactions' (Cat. No.00CH37166)},
    author = {Suzuki, R. and Iwadate, Y. and Inoue, M. and Woontack Woo, Woontack},
    pages = {751--756},
    volume = {2},
    publisher = {IEEE},
    url = {http://ieeexplore.ieee.org/lpdocs/epic03/wrapper.htm?arnumber=885939},
    isbn = {0-7803-6583-6},
    doi = {10.1109/ICSMC.2000.885939},
    keywords = {Character generation, Communications technology, Data mining, Humans, Laboratories, MIC Interactive Dance System, MIDAS, Microwave integrated circuits, Motion analysis, Motion detection, Multimedia communication, Real time systems, dance motion physical characteristics, dance theory, emotional image expression categories, emotional images, emotional information expression method, emotional representation, human body motion, human emotion extraction, humanities, image sequences, interactive systems, multimedia, multimedia computing, psychology, real-time systems, real-time video sequences, video signal processing}
}

@misc{MidpointAlgorithm,
    title = {{Midpoint Ellipse Algorithm}},
    pages = {1--5},
    url = {http://www.cpp.edu/~raheja/CS445/MEA.pdf}
}

@misc{DiFedeMinimCompartmental,
    title = {{Minim | Compartmental}},
    author = {Di Fede, Damien},
    url = {http://code.compartmental.net/tools/minim/}
}

@article{Fridman2017MITAutomation,
    title = {{MIT Autonomous Vehicle Technology Study: Large-Scale Deep Learning Based Analysis of Driver Behavior and Interaction with Automation}},
    year = {2017},
    author = {Fridman, Lex and Brown, Daniel E. and Glazer, Michael and Angell, William and Dodd, Spencer and Jenik, Benedikt and Terwilliger, Jack and Kindelsberger, Julia and Ding, Li and Seaman, Sean and Abraham, Hillary and Mehler, Alea and Sipperley, Andrew and Pettinato, Anthony and Seppelt, Bobbie and Angell, Linda and Mehler, Bruce and Reimer, Bryan},
    pages = {1--17},
    arxivId = {1711.06976}
}

@article{Turner1999MotionSusceptibility,
    title = {{Motion sickness in public road transport: Passenger behaviour and susceptibility}},
    year = {1999},
    journal = {Ergonomics},
    author = {Turner, Mark and Griffin, Michael J.},
    number = {3},
    pages = {444--461},
    volume = {42},
    isbn = {0014-0139},
    doi = {10.1080/001401399185586},
    issn = {00140139},
    pmid = {10643406},
    keywords = {Habituation, Motion sickness, Susceptibility, Visibility}
}

@article{SchacherMotionDance,
    title = {{Motion To Gesture To Sound: Mapping For Interactive Dance}},
    author = {Schacher, Jan C},
    keywords = {Mapping, artistic strategies, computer vision, delaunay tessellation, mapping tools, motion sensing, splines, wearable sensors}
}

@misc{2015NaturalInterface,
    title = {{Natural user interface}},
    year = {2015},
    booktitle = {Wikipedia},
    url = {http://en.wikipedia.org/wiki/Natural_user_interface}
}

@article{Borja-Cacho2008NIHAccess,
    title = {{NIH Public Access}},
    year = {2008},
    journal = {Nano},
    author = {Borja-Cacho, Daniel and Matthews, Jeffrey},
    number = {9},
    pages = {2166--2171},
    volume = {6},
    isbn = {0009-2665},
    doi = {10.1021/nl061786n.Core-Shell},
    issn = {00092665},
    pmid = {19772347},
    arxivId = {NIHMS150003},
    keywords = {foveal blue-blindness, perceptual filling-in, scotoma, stabilized images}
}

@misc{Wuensch2015NonparametricSize,
    title = {{Nonparametric Effect Size}},
    year = {2015},
    author = {Wuensch, Karl L.},
    url = {http://core.ecu.edu/psyc/wuenschk/StatsLessons.htm}
}

@article{Haase1972NonverbalCommunication,
    title = {{Nonverbal components of empathetic communication}},
    year = {1972},
    journal = {Journal of Counseling Psychology},
    author = {Haase, Richaed F and Tepper, Donald T},
    number = {5},
    pages = {417--424},
    volume = {19},
    url = {http://search.proquest.com.libaccess.lib.mcmaster.ca/docview/614322663/fulltextPDF?accountid=12347}
}

@article{Details1987PairedEquivalence,
    title = {{Paired T-Test for Equivalence}},
    year = {1987},
    author = {Details, Technical},
    pages = {1--12}
}

@article{Mara2012Paired-samplesEquivalence,
    title = {{Paired-samples tests of equivalence}},
    year = {2012},
    journal = {Communications in Statistics: Simulation and Computation},
    author = {Mara, Constance A. and Cribbie, Robert A.},
    number = {10},
    pages = {1928--1943},
    volume = {41},
    doi = {10.1080/03610918.2011.626545},
    issn = {03610918},
    keywords = {Paired-samples, Test of equivalence}
}

@article{Flock1970Perceived,
    title = {{Perceived angle of incidence and achromatic surface color !'}},
    year = {1970},
    author = {Flock, Howard R and Freedberg, Edmund}
}

@article{Tichon2014PhysiologicalTraining,
    title = {{Physiological measurement of anxiety to evaluate performance in simulation training}},
    year = {2014},
    journal = {Cognition, Technology and Work},
    author = {Tichon, Jennifer G. and Wallis, Guy and Riek, Stephan and Mavin, Timothy},
    number = {2},
    pages = {203--210},
    volume = {16},
    isbn = {1435-5558},
    doi = {10.1007/s10111-013-0257-8},
    issn = {14355566},
    keywords = {Anxiety, Evaluation, Eye tracking, Performance, Training}
}

@book{vanDijk2014PlayfulInterfaces,
    title = {{Playful User Interfaces}},
    year = {2014},
    booktitle = {Playful User Interfaces},
    author = {van Dijk, Betsy and Lingnau, Andreas and Vissers, Geert and Kockelkorn, Hub},
    pages = {185--208},
    url = {http://link.springer.com/10.1007/978-981-4560-96-2},
    isbn = {978-981-4560-95-5},
    doi = {10.1007/978-981-4560-96-2}
}

@misc{PortraitBril,
    title = {{Portrait Martin Bril}},
    url = {https://www.flickr.com/photos/roel1943/309048020/in/photolist-tiXd9-ocB6i8-aSEZrc-5WepnA-pr8Exr-5sGxfm-rNLVSe-6XbeEM-iWyPuS-g1Sa8-ioGui1-cSLKCW-cS31ju-md47Rx-q9QqT2-nbVboP-ofMR5h-c5L67s-8voa2D-7x34sb-6B1EH4-ibPHzg-fU65MK-Ly3TR-c93K9U-9tnyEu-4GXh9A-7Gs52D-},
    keywords = {2006, 2007, artiesten, bekend, bekende, bekendenederlander, bekendenederlanders, bezigebij, boeken, dagbladen, denhaag, fotografie, haag, haags, haagse, haagseportretten, haagspraak, haagspraalk, hofstad, hofstijl, hoofden, indebelangstelling, man, mannen, mannenportret, martinbril, medemens, mensen, nederlander, nederlanders, people, portrait, portret, portretten, publiek, radio, roel, roel1943, roelwijnants, roelwijnantsfotografie, set1, straatfoto, straatfotografie, straatfotos, thehague, tv, uitgeverij, vip, volkskrant, weekbladen, wereldburen, wereldburgers, wijnants}
}

@misc{PortraitNB,
    title = {{Portrait N{\&}B}},
    url = {https://www.flickr.com/photos/jfgornet/4236721526/in/photolist-7soiGS-91UPT-5Gn4Bq-83ia9B-9hVFsv-kXFreH-dPb9SE-tiXd9-ocB6i8-aSEZrc-5WepnA-pr8Exr-5sGxfm-rNLVSe-6XbeEM-iWyPuS-g1Sa8-ioGui1-cSLKCW-cS31ju-md47Rx-q9QqT2-nbVboP-ofMR5h-c5L67s-8voa2D-7x34sb-6B1EH4},
    keywords = {portrait, portraitplus, thomas}
}

@article{Fagnant2015PreparingRecommendations,
    title = {{Preparing a nation for autonomous vehicles: Opportunities, barriers and policy recommendations}},
    year = {2015},
    journal = {Transportation Research Part A: Policy and Practice},
    author = {Fagnant, Daniel J. and Kockelman, Kara},
    pages = {167--181},
    volume = {77},
    publisher = {Elsevier Ltd},
    url = {http://dx.doi.org/10.1016/j.tra.2015.04.003},
    isbn = {0965-8564},
    doi = {10.1016/j.tra.2015.04.003},
    issn = {09658564},
    pmid = {17355401},
    arxivId = {arXiv:1011.1669v3},
    keywords = {Autonomous vehicles, Congestion, Cost-benefit analysis, Market penetration, Safety, Vehicle automation}
}

@article{Helldin2013PresentingDriving,
    title = {{Presenting system uncertainty in automotive UIs for supporting trust calibration in autonomous driving}},
    year = {2013},
    journal = {Proceedings of the 5th International Conference on Automotive User Interfaces and Interactive Vehicular Applications - AutomotiveUI '13},
    author = {Helldin, Tove and Falkman, Göran and Riveiro, Maria and Davidsson, Staffan},
    pages = {210--217},
    isbn = {9781450324786},
    doi = {10.1145/2516540.2516554},
    keywords = {acceptance, automation, design, driving, experimentation, human factors, trust, uncertainty visualization}
}

@article{Gatto2012PrototypingEnvironment,
    title = {{Prototyping a Gestural Interface for Selecting and Buying Goods in a Public Environment}},
    year = {2012},
    journal = {Proceedings of the International Working Conference on Advanced Visual Interfaces;: 784-785 2012},
    author = {Gatto, I and Pittarello, F},
    pages = {784--785},
    url = {https://www.thomsoninnovation.com/tip-innovation/%5Cnhttps://www.thomsoninnovation.com/tip-innovation/recordView.do?datasource=WOK&category=LIT&selRecord=1&totalRecords=1&databaseIds=WOS&idType=uid/recordid&recordKeys=000323214900142/WOS:000323214900142},
    isbn = {9781450312875},
    doi = {10.1145/2254556.2254713},
    keywords = {as it is strongly, be learned and that, gestural interface, gesture-based interactive systems should, port the users in, proxemic interaction, suggested for the, sup-, this learning task, usability}
}

@article{Grammenos2014PublicInteraction,
    title = {{Public Systems Supporting Noninstrumented Body-Based Interaction}},
    year = {2014},
    journal = {Playful User Interfaces},
    author = {Grammenos, Dimitris and Drossis, Giannis and Zabulis, Xenophon},
    pages = {185--208}
}

@article{RobertBoschUX2017QuestionZero,
    title = {{Question Zero}},
    year = {2017},
    author = {{Robert Bosch UX}},
    number = {January}
}

@article{RobertBoschNA2017RegionalRegional,
    title = {{Regional Mobility Trend Report North America NA Regional}},
    year = {2017},
    author = {{Robert Bosch NA}}
}

@misc{Pinnisi2010RegulatingIntake,
    title = {{Regulating Food and Beverage Intake}},
    year = {2010},
    author = {Pinnisi, Michael D.}
}

@misc{AssosciationforPsychologicalScience2016RiseSignificant,
    title = {{Rise in Reporting p-Values as “Marginally Significant”}},
    year = {2016},
    author = {{Assosciation for Psychological Science}},
    url = {https://www.psychologicalscience.org/publications/observer/obsonline/rise-in-reporting-p-values-as-marginally-significant.html}
}

@misc{SelfPortrait,
    title = {{self portrait}},
    url = {https://www.flickr.com/photos/calliope/2579685145/in/photolist-4VXyw6-iwouMo-7vWhgQ-pJxx1c-8E6Heq-dJruXu-i1pWNR-6mrxdw-qfTbGn-2sNXN-kSNMF-fLYSwo-b87A4X-U95JZ-8E6RxG-dcz9pt-4txzQd-8MYrHk-8E3rta-pxbsKU-dW7dPG-67vBRX-5wD7M1-pMX4kn-b7qdyk-nvbGC4-5h2Muy-7RziiZ},
    keywords = {me, medicalsaga, portrait, self, sp}
}

@misc{Self-drivingSuccess,
    title = {{Self-driving Cars: User Interface Will Be The Key To Success}},
    url = {http://www.osnews.com/story/29107/Selfdriving_Cars_User_Interface_Will_Be_The_Key_To_Success}
}

@misc{SheryLim-004,
    title = {{SheryLim-004}},
    url = {https://www.flickr.com/photos/markleo/2530522079/in/photolist-4RBA42-LMZaf-hYyaCx-omR6pG-dSV3zN-c2JW7S-7SEySC-bqXpgX-em2ytE-LMFgC-76GiX2-76GiZ4-6JAN9d-8BqWd3-bvNUrN-bQp5Ua-8MyKyh-axB4CS-dt9aLN-eKUPfz-sbgHmD-bxx99v-6a55yQ-5xhqvL-56KtmH-aBpNGD-ksLL9-aRNor-d},
    keywords = {asianbeaconprofilesheryportrait, people, profile, sherylim, thereishopeportraitasianbeaconprofileshery}
}

@article{Shah2014SlowerSubjects,
    title = {{Slower eating speed lowers energy intake in normal-weight but not overweight/obese subjects}},
    year = {2014},
    journal = {Journal of the Academy of Nutrition and Dietetics},
    author = {Shah, Meena and Copeland, Jennifer and Dart, Lyn and Adams-Huet, Beverley and James, Ashlei and Rhea, Debbie},
    number = {3},
    pages = {393--402},
    volume = {114},
    isbn = {2212-2672 (Print)},
    doi = {10.1016/j.jand.2013.11.002},
    issn = {22122672},
    pmid = {24388483},
    keywords = {Appetite ratings, Eating speed, Energy intake, Normal weight, Overweight}
}

@misc{AfroditiPsarra2014SoftArticulations,
    title = {{Soft{\^{}}Articulations}},
    year = {2014},
    booktitle = {European Art Science and Technology Network},
    author = {{Afroditi Psarra}},
    url = {http://afroditipsarra.com/index.php?/on-going/softarticulations/}
}

@article{MorseSome:,
    title = {{Some Important Properties of Human Vision CS 450 : Introduction to Digital Signal and Image Processing Human Vision Some properties of human vision that affect image perception : How Do We Know ? Two main ways to measure perception :}},
    author = {Morse, Bryan}
}

@article{2016Sonification:This,
    title = {{Sonification: Now hear this}},
    year = {2016},
    journal = {The Economist},
    url = {http://www.economist.com/news/science-and-technology/21694992-scientific-data-might-be-filled-important-things-waiting-be-discovered}
}

@article{MerzSonifyingTutorial,
    title = {{Sonifying Processing: The Beads Tutorial}},
    author = {Merz, Evan X}
}

@misc{Sweet1953SpoonHandle,
    title = {{Spoon having a rotatable handle}},
    year = {1953},
    author = {Sweet, B. B.}
}

@article{Saidinejad2014StaticInteraction,
    title = {{Static hand poses for gestural interaction}},
    year = {2014},
    journal = {Proceedings of the 2014 International Working Conference on Advanced Visual Interfaces - AVI '14},
    author = {Saidinejad, Hassan and Teimourikia, Mahsa and Comai, Sara and Salice, Fabio},
    pages = {379--380},
    url = {http://dl.acm.org/citation.cfm?id=2598153.2600049},
    isbn = {9781450327756},
    doi = {10.1145/2598153.2600049},
    keywords = {gestural interaction, static hand pose}
}

@article{Guillon2014StaticPointing,
    title = {{Static Voronoi-based target expansion technique for distant pointing}},
    year = {2014},
    journal = {Proceedings of the 2014 International Working Conference on Advanced Visual Interfaces - AVI '14},
    author = {Guillon, Maxime and Leitner, François and Nigay, Laurence},
    pages = {41--48},
    url = {http://dl.acm.org/citation.cfm?doid=2598153.2598178},
    isbn = {9781450327756},
    doi = {10.1145/2598153.2598178},
    keywords = {distant pointing, ray-casting pointing, relative pointing, target assistance, target expansion, voronoi}
}

@misc{Martin2013StopCustomers,
    title = {{Stop Listening to Your Customers}},
    year = {2013},
    booktitle = {Harvard Business Review},
    author = {Martin, Steve},
    url = {https://hbr.org/2013/01/stop-listening-to-your-custome}
}

@book{Gambetta2005Streetwise,
    title = {{Streetwise}},
    year = {2005},
    author = {Gambetta, Diego and Hamill, Heather},
    publisher = {Russell Sage Foundation},
    isbn = {9780871543080}
}

@phdthesis{Honma2017SystemVehicles,
    title = {{System Architecture of Level 5 Autonomous Vehicles}},
    year = {2017},
    author = {Honma, Thiago}
}

@misc{Tanz,
    title = {{Tanz}},
    booktitle = {Wikipedia},
    url = {https://de.wikipedia.org/wiki/Tanz}
}

@article{BrownTheDifference,
    title = {{The art of respectful language Impairment and disability: a world of difference}},
    author = {Brown, Fred},
    url = {www.equalitytraining.co.uk}
}

@article{Burger1979TheControl,
    title = {{The desirability of control}},
    year = {1979},
    journal = {Motivation and Emotion},
    author = {Burger, Jerry M. and Cooper, Harris M.},
    number = {4},
    pages = {381--393},
    volume = {3},
    isbn = {1200038150},
    doi = {10.1007/BF00994052},
    issn = {01467239},
    pmid = {27371161},
    arxivId = {1}
}

@article{Naujoks2014TheConditions.,
    title = {{The effect of urgency of take-over requests during highly automated driving under distraction conditions.}},
    year = {2014},
    journal = {Advances in Human Aspects of Transportation 7.Part},
    author = {Naujoks, Frederik and Mai, Christoph and Neukum, Alexandra},
    pages = {431}
}

@article{Tschanz1996TheServices,
    title = {{The Electronic Mall Bodensee as Platform for the Development of Travel Services}},
    year = {1996},
    journal = {Information and Communication Technologies in Tourism - Proceedings of the International Conference in Innsbruck, Austria 1996},
    author = {Tschanz, Nico and Zimmermann, Hans-Dieter},
    pages = {200--210},
    url = {http://dx.doi.org/10.1007/978-3-7091-7598-9_23%5Cnhttps://www.researchgate.net/publication/263656843_The_Electronic_Mall_Bodensee_as_Platform_for_the_Development_of_Travel_Services},
    doi = {10.1007/978-3-7091-7598-9{\_}23},
    keywords = {etourism}
}

@book{Soegaard2013TheEd.,
    title = {{The Encyclopedia of Human-Computer Interaction, 2nd Ed.}},
    year = {2013},
    author = {Soegaard, Mads and Friis Dam, Rikke},
    month = {1},
    url = {https://www.interaction-design.org/literature/book/the-encyclopedia-of-human-computer-interaction-2nd-ed/user-experience-and-experience-design}
}

@article{Cassidy2011TheTool,
    title = {{The Mood Board Process Modeled and Understood as a Qualitative Design Research Tool}},
    year = {2011},
    journal = {Fashion Practice The Journal of Design Creative Process {\&} the Fashion Industr},
    author = {Cassidy, Tracy},
    number = {2},
    pages = {225--252},
    volume = {3},
    url = {http://www.tandfonline.com/doi/full/10.2752/175693811X13080607764854},
    isbn = {1756-9370},
    doi = {10.2752/175693811X13080607764854},
    issn = {17569370}
}

@article{Tomczak2014TheSize,
    title = {{The need to report effect size estimates revisited. An overview of some recommended measures of effect size}},
    year = {2014},
    journal = {Trends in Sport Sciences},
    author = {Tomczak, Maciej and Tomczak, Ewa},
    number = {21},
    pages = {19--25},
    volume = {1},
    url = {http://www.wbc.poznan.pl/Content/325867/5_Trends_Vol21_2014_ no1_20.pdf},
    issn = {22999590},
    keywords = {effect size calculation, methodology, non-parametric tests, parametric, sport science, tests}
}

@article{Helen2002TheDesign,
    title = {{The process of interaction design}},
    year = {2002},
    journal = {Interaction design: beyond human-computer interaction},
    author = {Helen, Sharp and Rogers, Yvonne and Preece, Jenny},
    pages = {165 - 200}
}

@misc{Hollander2016TheSystems,
    title = {{The rise of mostly-autonomous systems}},
    year = {2016},
    author = {Hollander, Yoav},
    month = {4},
    url = {https://blog.foretellix.com/2016/04/23/the-rise-of-mostly-autonomous-systems/}
}

@article{Redden2005TheLaboratories,
    title = {{the Study and Measurement of Human Performance By Military Service Laboratories}},
    year = {2005},
    journal = {Advances in Human Performance and Cognitive Engineering Research},
    author = {Redden, Elizabeth S. and Sheehy, James B. and Bjorkman, Eileen A.},
    pages = {517--579},
    volume = {5},
    isbn = {076231141X},
    doi = {10.1016/S1479-3601(04)05011-8},
    issn = {14793601}
}

@article{Harrar2013TheIt,
    title = {{The taste of cutlery: how the taste of food is affected by the weight, size, shape, and colour of the cutlery used to eat it}},
    year = {2013},
    journal = {Flavour},
    author = {Harrar, Vanessa and Spence, Charles},
    number = {1},
    pages = {21},
    volume = {2},
    url = {http://www.flavourjournal.com/content/2/1/21/abstract},
    doi = {10.1186/2044-7248-2-21},
    issn = {2044-7248},
    arxivId = {h},
    keywords = {Colour, Cutlery, Disconfirmed expectation, Expectation, Flavour, Hedonic rating, Multisensory, Sweetness, Weight, affected by the weight, and colour of, eat it, food is, how the taste of, shape, size, taste of cutlery, the cutlery used to}
}

@article{Norman2010TheNatural,
    title = {{The way I see it: Natural user interfaces are not natural}},
    year = {2010},
    journal = {interactions},
    author = {Norman, Donald A.},
    number = {3},
    month = {5},
    pages = {6},
    volume = {17},
    publisher = {ACM},
    url = {http://dl.acm.org/ft_gateway.cfm?id=1744163&type=html},
    doi = {10.1145/1744161.1744163},
    issn = {10725520}
}

@article{Ruppert2012TouchlessSurgery,
    title = {{Touchless gesture user interface for interactive image visualization in urological surgery}},
    year = {2012},
    journal = {World Journal of Urology},
    author = {Ruppert, Guilherme Cesar Soares and Reis, Leonardo Oliveira and Amorim, Paulo Henrique Junqueira and de Moraes, Thiago Franco and da Silva, Jorge Vicente Lopes},
    number = {5},
    pages = {687--691},
    volume = {30},
    isbn = {1433-8726 (Electronic){\textbackslash}r0724-4983 (Linking)},
    doi = {10.1007/s00345-012-0879-0},
    issn = {07244983},
    pmid = {22580994},
    keywords = {Accessibility, Control, Joystick-free environment, Natural, Operating room, Robotics, Surgeon}
}

@article{Merat2014TransitionVehicle,
    title = {{Transition to manual: Driver behaviour when resuming control from a highly automated vehicle}},
    year = {2014},
    journal = {Transportation Research Part F: Traffic Psychology and Behaviour},
    author = {Merat, Natasha and Jamson, A. Hamish and Lai, Frank C.H. and Daly, Michael and Carsten, Oliver M.J.},
    number = {PB},
    pages = {274--282},
    volume = {27},
    publisher = {Elsevier Ltd},
    url = {http://dx.doi.org/10.1016/j.trf.2014.09.005},
    isbn = {1369-8478},
    doi = {10.1016/j.trf.2014.09.005},
    issn = {13698478},
    keywords = {Driver behaviour, Eye tracking, Highly automated driving, Level 3 automation, Transition time}
}

@misc{2017TrustTake,
    title = {{Trust and Autonomous Driving: What Will It Take?}},
    year = {2017},
    url = {https://iq.intel.com/trust-and-autonomous-driving-what-will-it-take/}
}

@article{McKnight2005TrustTechnology,
    title = {{Trust in Technology}},
    year = {2005},
    author = {McKnight, D. Harrison},
    number = {4},
    volume = {21},
    publisher = {The Blackwell Encyclopedia of Managment}
}

@book{Lidwell2010UniversalDecisions,
    title = {{Universal Principles of Design, Revised and Updated: 125 Ways to Enhance Usability, Influence Perception, Increase Appeal, Make Better Design Decisions,}},
    year = {2010},
    author = {Lidwell, William and Holden, Kritina and Butler, Jill},
    pages = {272},
    publisher = {Rockport Publishers},
    url = {https://books.google.com/books?id=l0QPECGQySYC&pgis=1},
    isbn = {1610580656}
}

@misc{Sandhaus2015UnstructuredSoundCloud,
    title = {{Unstructured Interviews in the Gallery on SoundCloud}},
    year = {2015},
    booktitle = {SoundCloud},
    author = {Sandhaus, Hauke},
    url = {https://soundcloud.com/sandhaus/sets/unstructured-interviews-in-the-gallery/s-fi1gi},
    keywords = {audio, music, record, share, sound, soundcloud, sounds, tracks}
}

@article{Hanson2005UpendingValley,
    title = {{Upending the Uncanny Valley}},
    year = {2005},
    journal = {Proceedings of the national conference on artificial intelligence},
    author = {Hanson, David and Olney, Andrew and Pereira, Ismar a and Zielke, Marge},
    number = {4},
    pages = {24--31},
    volume = {20},
    isbn = {157735236x},
    pmid = {18663813},
    keywords = {Uncanny Valley}
}

@article{Cockton2014UsabilityEvaluation,
    title = {{Usability Evaluation}},
    year = {2014},
    journal = {The Encyclopedia of Human-Computer Interaction, 2nd Ed.},
    author = {Cockton, Gilbert},
    publisher = {The Interaction Design Foundation},
    url = {https://www.interaction-design.org/encyclopedia/usability_evaluation.html},
    isbn = {978-87-92964-00-7}
}

@article{Weiss2009UserConsiderations,
    title = {{User experience evaluation with a Wizard of Oz approach: Technical and methodological considerations}},
    year = {2009},
    journal = {9th IEEE-RAS International Conference on Humanoid Robots, HUMANOIDS09},
    author = {Weiss, A. and Bernhaupt, R. and Schwaiger, D. and Altmaninger, M. and Buchner, R. and Tscheligi, M.},
    pages = {303--308},
    isbn = {9781424445882},
    doi = {10.1109/ICHR.2009.5379559},
    issn = {2164-0572}
}

@article{Fikkert2010User-evaluatedDistance,
    title = {{User-evaluated gestures for touchless interactions from a distance}},
    year = {2010},
    journal = {Proceedings - 2010 IEEE International Symposium on Multimedia, ISM 2010},
    author = {Fikkert, Wim and Van Der Vet, Paul and Nijholt, Anton},
    pages = {153--160},
    isbn = {9780769542171},
    doi = {10.1109/ISM.2010.30},
    keywords = {Gesture interface, Very large displays}
}

@misc{Jgarff2018UserspaceLEDs,
    title = {{Userspace Raspberry Pi PWM library for WS281X LEDs}},
    year = {2018},
    author = {{Jgarff}},
    url = {https://github.com/jgarff/rpi_ws281x}
}

@article{Ahn2011UsingPrediction,
    title = {{Using automated facial expression analysis for emotion and behavior prediction}},
    year = {2011},
    journal = {The Routledge Handbook of Emotions and Mass Media},
    author = {Ahn, Sun Joo and Bailenson, Jeremy and Fox, Jesse and Jabon, Maria},
    pages = {349--369},
    url = {http://www.allacademic.com/meta/p365898_index.html},
    isbn = {9781134017683},
    issn = {0203885392}
}

@article{Lisetti2004UsingSignals,
    title = {{Using noninvasive wearable computers to recognize human emotions from physiological signals}},
    year = {2004},
    journal = {Eurasip Journal on Applied Signal Processing},
    author = {Lisetti, Christine Lætitia and Nasoz, Fatma},
    number = {11},
    pages = {1672--1687},
    volume = {2004},
    isbn = {9789025952693},
    doi = {10.1155/S1110865704406192},
    issn = {11108657},
    keywords = {Emotion recognition, Multimodal affective user interfaces, Multimodal human-computer interaction}
}

@phdthesis{Ollander2015WearableEstimation,
    title = {{Wearable Sensor Data Fusion for Human Stress Estimation}},
    year = {2015},
    author = {Ollander, Simon}
}

@article{Law2010Weber-FechnerLaw,
    title = {{Weber-Fechner Law}},
    year = {2010},
    author = {Law, Weber-fechner and Jr, Forrest W Nutter and Law, Weber-fechner},
    isbn = {9781412961288},
    doi = {10.4135/9781412961288.n494.Posted}
}

@misc{GoogleWelcomeSoli,
    title = {{Welcome to Project Soli}},
    author = {{Google}},
    url = {https://www.youtube.com/watch?v=0QNiZfSsPc0},
    keywords = {gesture, hand, input device, interaction, interface, radar, sensor, technology, tools}
}

@article{Ulhq2008WhatTechnology,
    title = {{What is User Engagement? A Conceptual Framework for Defining User Engagement with Technology}},
    year = {2008},
    journal = {Journal of the American Society for Information Science {\&} Technology},
    author = {Ulhq, Hdwkhu and Odlqh, D Q G},
    number = {6},
    pages = {1--37},
    volume = {59},
    doi = {10.1002/asi.20801.1}
}

@incollection{Laurier2012WhatCar,
    title = {{What we do whilst driving: Towards the driverless car}},
    year = {2012},
    booktitle = {Mobilities: New Perspectives on Transport and Society},
    author = {Laurier, Eric and Dant, Tim},
    number = {December},
    pages = {223--243},
    isbn = {9781409411505},
    issn = {1409411516}
}

@article{Riek2012WizardGuidelines,
    title = {{Wizard of Oz Studies in HRI: A Systematic Review and New Reporting Guidelines}},
    year = {2012},
    journal = {Journal of Human-Robot Interaction},
    author = {Riek, Laurel},
    number = {1},
    pages = {119--136},
    volume = {1},
    doi = {10.5898/JHRI.1.1.Riek},
    issn = {21630364},
    keywords = {human-robot interaction, method-, reporting guidelines, systematic review, wizard of oz}
}

@misc{FordMotorCompany2017MysteryPeople,
    title = {{‘Mystery Van’ Helping Self-Driving Cars Communicate with People}},
    year = {2017},
    author = {{Ford Motor Company}},
    url = {https://www.youtube.com/watch?v=EwujR1ARsog&app=desktop}
}

@article{Garzotto2012Appliances,
    title = {{“ Don ’ t touch the oven ”: Motion-based Touchless Interaction with Household Appliances}},
    year = {2012},
    journal = {AVI '12 Proceedings of the International Working Conference on Advanced Visual Interfaces},
    author = {Garzotto, Franca and Valoriani, Matteo},
    pages = {721--724},
    url = {http://doi.acm.org/10.1145/2254556.2254693},
    isbn = {9781450312875},
    doi = {10.1145/2254556.2254693},
    keywords = {home, household appliance, interaction, interaction design, kinect, motion-based touchless interaction}
}